2430 4030
249 297 318 346 46
784 310 979 346 ·Ac⁷rus
1018 310 1409 360 Aros'rOLORUM,
1453 296 1498 359 I,
1544 298 1727 349 15-26.

841 488 907 532 ΙΙ.
951 489 1159 532 ELEc'mo
1194 488 1443 540 MATTHIAE,
1477 502 1517 532 v.
1555 489 1704 532 15-26.

324 621 715 675 Summas-ium.
749 622 1021 690 Apostoli,
1045 623 1100 672 in
1129 622 1468 674 coenaculum
1498 623 1843 691 congregati,
1867 623 1997 674 dum
2030 621 2294 691 Spiritum

249 712 499 758 sanctum
528 711 871 774 exspectant,
925 705 1087 756 Petro
1131 705 1386 756 hortante
1432 705 1668 773 (15-22),
1713 705 2002 757 Matthiam
2032 706 2085 756 in
2115 706 2294 756 locum

249 789 411 842 Judae
440 790 739 859 proditoris
769 795 915 840 sorte
944 789 1221 840 sufficiunt
1254 788 1489 856 (23-26).

174 883 227 923 15
323 877 355 913 *
385 873 451 924 In
481 873 673 924 diebus
700 872 808 923 illis
856 890 1132 940 exurgens
1175 872 1368 923 Petrus
1405 874 1461 922 in
1504 872 1684 924 medio
1722 873 1954 924 fratrum
1983 872 2126 923 dixit
2159 871 2297 939 (erat

173 976 227 1016 16
249 961 429 1008 autem
460 956 621 1007 turba
650 956 928 1007 hominum
959 955 1137 1018 simul,
1168 954 1282 1006 fere
1311 960 1531 1007 centum
1562 955 1787 1023 viginti)
1815 976 1823 1006 :
1869 961 1901 996 ²¹<
1930 955 2052 1007 Viri
2078 956 2294 1018 fratres,

249 1045 466 1108 oportet
493 1039 707 1107 impleri
738 1038 1095 1107 Scripturam,
1144 1055 1306 1108 quam
1347 1038 1608 1107 praedixit
1658 1038 1898 1106 Spiritus
1939 1044 2160 1089 sanctus
2200 1055 2296 1106 per

248 1141 308 1174 os
355 1122 531 1175 David
579 1123 646 1174 de
689 1123 853 1186 Juda,
909 1122 1002 1191 qui
1054 1121 1160 1172 fuit
1204 1121 1315 1172 dux
1362 1139 1570 1185 eorum,
1619 1122 1713 1191 qui
1758 1121 2296 1191 comprehenderunt

172 1212 226 1256 1'7
249 1205 437 1258 Jesum
471 1227 479 1258 :
527 1210 559 1247 >¹<
588 1205 681 1275 qui
728 1211 1151 1257 connumeratus
1181 1211 1298 1256 erat
1326 1205 1382 1256 in
1414 1205 1592 1269 nobis,
1636 1212 1690 1257 et
1719 1205 1950 1258 sortitus
1979 1211 2063 1257 est
2091 1211 2294 1257 sortem

306 1437 374 1480 15.
404 1437 653 1489 FRATRUM,
676 1443 878 1490 αδελφων,
915 1436 1017 1480 1666
1051 1434 1189 1492 cujus
1214 1434 1418 1478 habetur
1449 1441 1655 1488 μαθητων,
1692 1435 2045 1493 discipulorum,
2072 1436 2119 1478 in
2145 1435 2296 1480 Oodd,

245 1506 481 1560 C‡**DE,
517 1515 565 1551 et
595 1509 642 1550 in
678 1522 802 1551 vers.
833 1508 1018 1564 syriaca
1044 1512 1277 1563 utraque;
1313 1505 1396 1548 sed
1422 1505 1745 1550 Tischendorf
1766 1506 2020 1550 lectionem
2050 1506 2296 1562 Vulgatae,

245 1595 352 1638 quae
375 1581 421 1624 in
452 1581 624 1633 ABG&
648 1587 786 1637 copt.‚
812 1581 978 1631 sahid.‚
1002 1580 1195 1635 aethiop.
1221 1586 1333 1630 utr.‚
1358 1584 1405 1622 et
1429 1594 1546 1622 arm.
1579 1580 1836 1635 reperitur,
1874 1579 2046 1624 merito
2080 1579 2293 1635 praefert.

244 1673 299 1680 —
329 1649 459 1692 ERAT
483 1662 634 1692 TURBA
661 1662 887 1692 HOMINUM
914 1662 1057 1692 SIMUL
1081 1649 1165 1702 (επι
1190 1668 1235 1691 το
1258 1667 1369 1701 αυτο,
1396 1648 1444 1691 in
1468 1648 1634 1692 eodem
1658 1649 1774 1700 loco,
1798 1649 1848 1691 in
1871 1648 2038 1691 eodem
2060 1647 2293 1699 conclavi)

244 1736 363 1766 FERE
399 1736 588 1767 CENTUM
621 1736 818 1766 VIGJNTI.
846 1723 944 1767 *De
975 1724 1110 1768 Wette
1136 1722 1439 1766 rationalista
1473 1722 1745 1778 interrogat
1781 1721 1978 1764 ubinam
2013 1725 2176 1764 essent
2212 1720 2296 1763 500

245 1794 313 1836 illi
340 1794 514 1836 fratres
539 1794 596 1836 de
620 1793 796 1850 quibus
834 1795 852 1836 1
895 1793 1002 1837 Gor.
1039 1792 1151 1843 XV,
1186 1793 1238 1844 63
1274 1800 1419 1849 atque
1443 1792 1610 1836 *Bam
1633 1792 1882 1836 contendit,
1911 1792 2088 1835 Lucam
2123 1805 2149 1834 a
2182 1804 2297 1834 vero

244 1862 508 1905 aberrasse.
545 1862 888 1918 Respondetur
924 1876 934 1906 :
969 1869 1157 1906 certum
1191 1861 1565 1918 haudquaquam
1611 1875 1718 1905 esse
1750 1861 2103 1917 apparitionem
2146 1860 2295 1910 illam,

246 1934 331 1977 500
371 1933 602 1976 fratribus
646 1934 835 1983 factam,
879 1948 1026 1988 prope
1071 1932 1455 1989 Hierosolymam
1492 1932 1785 1988 contigisse3
1821 1938 2069 1988 praeterea,
2105 1929 2296 1974 etiamsi

246 2016 346 2044 eam
388 2001 453 2044 ibi
494 2002 796 2053 collocemus,
837 2016 986 2058 quum
1027 2008 1137 2044 ante
1177 2002 1527 2044 Ascensionem
1570 2001 1828 2053 evenisset,
1868 2001 2047 2044 multos
2089 2015 2143 2043 ex
2185 2000 2296 2050 illis,

246 2072 330 2128 qui
369 2072 572 2116 forsitan
611 2074 857 2116 occasione
899 2073 1148 2115 Paschatis
1191 2072 1239 2114 in
1278 2071 1463 2115 Urbem
1499 2076 1748 2123 venerant,
1775 2071 1874 2127 jam
1911 2071 2106 2115 domum
2141 2070 2297 2113 redire

249 2142 479 2197 potuisse.
529 2142 599 2184 De
641 2150 812 2193 cetero,
857 2158 910 2184 ex
955 2157 1009 2185 eo
1053 2141 1180 2198 quod
1227 2142 1275 2183 in
1319 2141 1563 2185 coenaculo
1607 2157 1703 2185 non
1751 2141 1980 2185 adessent
2033 2141 2111 2185 die
2157 2140 2296 2184 electi

249 2212 484 2263 Matthiae,
520 2227 634 2256 sane
669 2227 764 2256 non
799 2214 1023 2270 sequitur
1058 2226 1137 2255 eos
1172 2225 1415 2267 nusquam
1450 2211 1615 2255 fuisse.

309 2282 378 2325 16.
422 2282 640 2327 OPORTET
682 2284 772 2339 (gr.
815 2282 1066 2340 oportebat)
1110 2294 1308 2325 IMPLERI
1343 2300 1351 2324 :
1393 2295 1487 2337 quo
1527 2296 1672 2325 sensu
1716 2282 1995 2339 oportebat?
2027 2281 2141 2339 quia
2175 2294 2295 2336 prae-

246 2353 431 2397 dictum
456 2358 587 2407 erat3
621 2359 725 2397 erat
747 2360 910 2398 autem
945 2352 1249 2409 praedictum,
1273 2365 1368 2394 non
1394 2354 1445 2393 ut
1467 2350 1619 2403 fieret,
1646 2351 1728 2395 sed
1765 2353 1877 2409 quia
1903 2358 2004 2395 erat
2030 2350 2296 2406 praevisum

247 2424 348 2468 fore
374 2429 428 2467 ut
454 2424 604 2474 fieret,
630 2432 677 2466 et
703 2422 854 2466 libere
877 2422 1073 2479 quidem
1107 2421 1259 2465 fieret.
1291 2420 1368 2463 Ita
1394 2420 1622 2477 explicari
1657 2420 1799 2464 debet
1834 2421 2038 2464 formula
2064 2438 2073 2463 ε
2097 2420 2297 2463 Factum

247 2496 311 2536 est
349 2496 401 2535 ut
437 2492 768 2548 adimpleretur
801 2490 1060 2549 prophetia,
1102 2505 1145 2534 v.
1185 2504 1257 2545 gr.
1297 2489 1472 2532 Matth.
1514 2489 1554 2540 Ι,
1589 2489 1660 2531 22.
1700 2489 1795 2533 Res
1836 2489 2019 2547 quaevis
2058 2488 2295 2531 divinitu·

250 2563 480 2620 praedicta
517 2577 571 2606 eo
609 2563 702 2606 fine
739 2563 901 2605 evenit
943 2568 997 2605 ut
1039 2560 1295 2617 prophetia
1337 2559 1612 2615 impleatur,
1653 2564 1716 2611 et,
1757 2573 1843 2616 per
1886 2559 2016 2619 hunc
2055 2558 2297 2608 effectum,

249 2635 379 2678 Deus
405 2648 547 2678 verax
571 2637 878 2689 agnoscatur.
917 2632 1103 2689 Itaque,
1132 2635 1388 2687 postquam
1411 2644 1487 2673 res
1511 2631 1838 2686 praenuntiata
1864 2630 1971 2681 fuit,
1997 2638 2129 2673 certo
2154 2628 2225 2679 fit,
2248 2633 2297 2671 et

250 2705 351 2748 fieri
374 2705 516 2748 debet
544 2710 726 2748 statuto
754 2712 969 2759 tempore
992 2721 1000 2746 :
1026 2702 1109 2745 sed
1144 2701 1238 2744 fuit
1270 2701 1598 2758 praenuntiata
1626 2716 1722 2745 non
1747 2706 1802 2745 ut
1824 2701 2054 2751 eveniret,
2078 2699 2162 2742 sed
2185 2698 2298 2755 quia

249 2774 541 2830 praeviderat
577 2774 708 2816 Deus
748 2787 851 2816 eam
892 2786 978 2815 suo
1012 2779 1229 2826 tempore
1263 2785 1289 2812 a
1322 2783 1466 2812 causa
1508 2770 1658 2813 libera
1698 2771 1757 2823 (si
1794 2774 1971 2826 agatur
2010 2768 2069 2811 de
2107 2767 2296 2811 actibus

249 2844 518 2894 hominurn)
547 2843 886 2899 perficiendam
913 2843 1028 2892 fore,
1055 2855 1286 2896 suamque
1308 2840 1644 2896 praevisionem
1675 2839 1925 2896 prophetis
1948 2839 2294 2881 declaraverat.

248 2915 319 2957 Cf.
347 2914 485 2957 Joan.
510 2913 629 2963 XII,
659 2913 807 2955 37-41.
835 2911 970 2955 Nihil
996 2911 1149 2966 igitur
1181 2915 1348 2953 contra
1376 2909 1584 2952 hominis
1623 2909 1895 2952 libertatem
1931 2908 2043 2951 iude
2076 2906 2296 2950 concludi

248 2989 421 3040 potest.
472 3007 517 3012 —
558 2995 794 3025 PRAEmxir
844 2981 1064 3024 Srmrrus
1111 2991 1309 3022 SANCTUS
1351 2991 1439 3021 PER
1480 2990 1529 3021 os
1571 2978 1726 3021 DAvm
1771 2997 1779 3021 :
1832 2978 1933 3021 haec
1977 2976 2126 3022 verba
2171 2976 2297 3019 clare

249 3052 541 3109 significant,
582 3051 949 3107 inspirationem
991 3065 1012 3092 s
1071 3049 1339 3104 Scripturas
1387 3062 1485 3091 non
1528 3061 1634 3091 esse
1678 3049 1829 3092 solam
1878 3046 2033 3090 sancti
2080 3045 2296 3101 Spiritus

248 3123 564 3168 assistentiam
590 3137 684 3179 qua
706 3122 860 3166 omnis
887 3135 1021 3164 error
1044 3119 1330 3163 excludatur
1367 3137 1375 3162 :
1411 3118 1467 3161 cf.
1504 3123 1668 3161 annot.
1705 3123 1854 3162 nostr.
1891 3117 1941 3159 in
1976 3116 2002 3158 2
2036 3115 2158 3159 Tim.
2198 3114 2295 3165 111,

249 3195 318 3238 16.
365 3217 421 3224 —·
472 3194 543 3236 DE
588 3193 716 3236 JUDA
763 3190 1083 3247 reprobando,
1127 3190 1280 3246 deque
1329 3188 1422 3232 alio
1469 3188 1518 3231 in
1566 3186 1667 3244 ejus
1722 3186 1880 3231 locum
1937 3184 2295 3230 substituendo.

250 3263 298 3308 S.
337 3263 513 3308 Petrus
547 3264 747 3319 respicit
780 3263 881 3306 loca
922 3261 1221 3305 Psalmorum
1259 3273 1367 3316 quae
1401 3273 1444 3302 v.
1481 3258 1538 3301 20
1571 3257 1786 3300 adducit.

307 3334 376 3380 17.
417 3333 512 3389 QUI
555 3344 932 3375 CONNUMERATUS
968 3343 1100 3374 ERAT.
1148 3330 1270 3372 Loco
1319 3327 1400 3385 qui
1448 3341 1604 3383 graece
1647 3331 1722 3369 est
1764 3331 1825 3370 ὁτι
1865 3325 1980 3383 quia
2019 3343 2032 3367 .·
2074 3324 2296 3367 redditur

246 3404 373 3448 rat-io
405 3416 554 3459 quare
584 3402 706 3444 illud
743 3401 942 3445 Davidis
976 3399 1223 3444 oraculum
1259 3398 1307 3440 in
1340 3396 1519 3440 Judam
1546 3397 1700 3449 cadat,
1734 3396 1963 3439 nimirum
2004 3413 2012 3438 ε
2048 3395 2159 3452 quia
2193 3395 2296 3450 ipse

248 3473 405 3516 locum
443 3471 719 3515 obtinuerat
758 3471 816 3512 de
854 3469 989 3527 cujus
1029 3468 1291 3515 amissione
1335 3466 1550 3523 loquitur
1588 3465 1836 3522 propheta.
1879 3488 1936 3495 —
1972 3463 2039 3506 ΕΤ
2077 3474 2295 3507 somtrrus

247 3555 327 3587 EST
349 3545 438 3586 etc.
465 3541 527 3585 Et
554 3541 790 3596 particula
813 3540 1069 3595 exegetica,
1104 3553 1212 3597 quae
1246 3537 1451 3592 explicat
1486 3536 1631 3580 verba
1666 3535 2015 3592 przecedentia3
2050 3533 2294 3588 significat

246 3611 469 3661 videlieet,
510 3610 751 3653 ninimirum.
798 3609 1027 3652 Sourl‘rus
1070 3621 1148 3651 EST
1184 3620 1378 3650 SORTEM.
1418 3605 1459 3648 ei
1504 3604 1693 3661 contiqit
1738 3603 1932 3660 officium
1994 3601 2292 3646 Vocabulum
