2430 4030
247 299 317 347 44
841 314 1003 351 Aeros
1045 315 1434 363 Arosronossun,
1480 300 1525 365 Ι,
1571 303 1716 355 1-14.

172 454 223 492 11
249 445 356 497 duo
386 446 487 497 viri
514 446 813 498 astiterunt
833 446 995 515 juxta
1035 448 1155 499 illos
1183 449 1238 500 in
1267 450 1518 502 vestibus
1545 451 1703 517 albis,
1731 456 1762 493 ²¹<
1794 453 1887 523 qui
1916 458 1972 505 et
1999 453 2259 506 dixerunt
2285 474 2296 506 ε

251 528 370 579 Viri
403 528 628 592 Galilaei,
675 530 806 599 quid
853 531 1012 581 statis
1061 531 1391 599 aspicientes
1434 534 1488 584 in
1533 534 1768 587 caelum?
1817 536 1922 588 Hic
1970 537 2156 600 JeSUS,
2206 535 2301 606 qui

247 618 558 681 assumptus
589 620 673 664 est
700 632 730 662 a
759 613 915 663 vobis
945 615 998 663 in
1032 614 1248 677 coelum,
1274 617 1351 667 sic
1380 616 1563 669 veniet
1593 619 2052 687 quemadmodum
2081 619 2300 672 vidistis

170 701 223 738 12
250 715 371 748 eum
403 702 622 747 euntem
655 697 706 746 in
738 697 953 748 coelum.
981 701 1012 737 ss
1036 697 1187 749 Tunc
1217 699 1420 750 reversi
1450 706 1577 751 sunt
1604 700 2000 772 «lerosolymam
2031 723 2062 754 a
2093 709 2298 766 monte,

170 790 221 829 13
247 780 339 849 qui
360 785 580 831 vocatur
598 779 821 843 Oliveti,
844 781 933 848 qui
956 781 1213 850 estjuxta
1231 783 1554 848 Jerusalem,
1576 785 1788 837 sabbabi
1812 786 2017 839 habens
2038 788 2159 839 iter.
2178 790 2211 828 ²¹<
2228 787 2302 839 Et

307 1012 376 1055 11.
414 1011 539 1067 QUID
572 1024 724 1055 sums
758 1012 941 1056 diutius
976 1024 1274 1057 AsmcmNTEs
1307 1027 1356 1057 IN
1391 1014 1595 1059 GOELUMP
1643 1016 1850 1060 Frustra
1887 1017 2084 1061 facitisae
2129 1017 2298 1062 Jesum

245 1083 454 1138 amplius
495 1082 658 1126 videre
705 1098 799 1126 non
843 1085 1085 1138 potestis;
1143 1098 1406 1129 AssUMP‘rus
1441 1099 1523 1129 Es'r
1561 1100 1588 1129 A
1626 1099 1756 1130 voms
1794 1100 1844 1131 IN
1880 1101 2062 1132 COELUM.
2113 1088 2302 1132 Dicitur

248 1158 512 1211 assumptus
538 1154 613 1206 (ut
639 1153 784 1197 Marc.
815 1154 958 1204 XVI,
986 1155 1060 1209 19)
1088 1169 1233 1198 sensu
1257 1155 1537 1213 improprio,
1562 1163 1803 1214 quatenus
1830 1158 1958 1202 nube
1983 1164 2150 1203 vectus
2177 1159 2299 1210 fuit;

246 1239 355 1267 nam
384 1224 577 1280 propria
602 1224 796 1275 virtute,
822 1229 921 1267 tam
946 1224 1125 1275 divina,
1152 1240 1296 1282 quam
1322 1216 1548 1278 humana,
1573 1242 1636 1271 sc.
1672 1242 1757 1283 per
1784 1227 1946 1272 dotem
1972 1228 2226 1285 agilitatis,
2252 1242 2303 1272 se

246 1296 349 1353 ipse
376 1297 588 1339 sustulit.
618 1295 687 1338 Of.
713 1312 746 1338 s.
780 1295 965 1339 Theon.
1007 1296 1185 1341 Samm.
1228 1295 1360 1341 theol.
1396 1313 1439 1353 p.
1470 1299 1509 1349 3,
1542 1313 1586 1356 q.
1614 1298 1683 1348 57,
1710 1313 1752 1341 a,
1777 1299 1817 1340 3.
1847 1299 2127 1343 ASSUMPTUS
2161 1310 2241 1341 EST
2274 1311 2303 1341 A

249 1379 391 1417 voms,
417 1367 500 1409 sed
527 1381 730 1409 moerore
758 1381 853 1408 non
878 1365 1182 1416 afficiamini3
1207 1366 1335 1409 idem
1359 1367 1534 1411 iterum
1556 1380 1728 1411 vssmn'r
1754 1368 1812 1412 de
1834 1369 1954 1412 coelo
1977 1369 2026 1411 in
2049 1368 2144 1412 fine
2170 1381 2302 1412 secu-

245 1438 414 1486 lorum,
444 1452 537 1494 quo
564 1437 703 1479 modo
729 1448 925 1479 VIDISTIS
960 1448 1060 1479 EUM
1094 1436 1374 1481 ab-EUNTEM
1408 1438 1457 1480 in
1491 1451 1672 1490 COELUM,
1707 1439 1988 1495 aspectabili
2010 1442 2059 1483 et
2090 1438 2304 1495 glorioso

246 1519 446 1560 corpore
470 1506 680 1550 humano
704 1505 946 1555 indutum,
971 1520 1024 1548 ac
1057 1505 1268 1549 nubibus
1295 1515 1502 1551 vectum.

306 1577 375 1619 12.
414 1574 681 1625 Onwmum,
709 1575 830 1617 locus
856 1573 992 1617 olivis
1018 1575 1240 1618 consitus.
1268 1575 1409 1620 Mons
1450 1577 1544 1628 ille,
1588 1592 1644 1621 ex
1677 1592 1772 1635 quo
1800 1576 2028 1621 Christus
2055 1577 2106 1620 in
2128 1576 2303 1622 coelum

245 1645 463 1689 ascendit
489 1649 561 1699 (ut
587 1646 634 1687 in
676 1645 847 1690 Oomm.
874 1660 909 1687 s.
938 1643 1109 1687 Matth.
1153 1645 1488 1691 demonstrare
1515 1649 1675 1691 conati
1699 1649 1904 1702 sumus),
1940 1647 2049 1691 urbi
2083 1647 2305 1692 imminet

248 1719 307 1759 ab
343 1716 543 1765 oriente,
585 1719 882 1771 ceterosque,
922 1716 1002 1772 qui
1042 1715 1167 1759 circa
1210 1716 1594 1774 Hierosolymam
1639 1723 1770 1769 sunt,
1811 1722 2001 1762 montes
2043 1717 2304 1764 altitudine

248 1792 457 1843 superat.
501 1811 555 1815 ——
597 1786 688 1842 EST
728 1798 876 1828 JUXTA
915 1786 1218 1838 JERUSALEM,
1256 1787 1297 1829 ei
1336 1788 1539 1839 vicinus,
1578 1790 1702 1833 valle
1745 1788 2000 1845 Josaphati
2033 1794 2082 1833 et
2115 1788 2305 1833 Gedron

248 1865 464 1901 torrente
490 1856 548 1899 ab
573 1871 626 1900 ea
655 1864 920 1912 separatus.
945 1857 1243 1913 Ampliorem
1269 1857 1328 1901 de
1351 1858 1466 1902 locis
1493 1860 1601 1902 istis
1630 1860 1853 1904 notitiam
1873 1860 1921 1903 in
1944 1859 2118 1904 comm.
2135 1863 2306 1904 nostro

247 1943 281 1971 s.
309 1926 478 1972 Matth.
507 1926 780 1970 invenietis.
813 1950 861 1956 —
891 1926 1098 1970 SABBATI
1132 1940 1317 1971 HABENS
1350 1941 1486 1972 1TER:
1521 1936 1656 1974 tanto
1689 1931 1881 1974 circiter
1915 1931 2072 1987 spatio
2103 1929 2162 1973 ab
2186 1929 2304 1973 urbe

249 1998 413 2049 distat,
440 2004 677 2053 quantum
701 1995 890 2039 Judaeis
916 1996 1088 2039 licebat
1112 1996 1313 2041 sabbato
1339 1999 1568 2054 perficere
1591 1999 1713 2042 citra
1737 1999 1832 2042 diei
1855 1999 1967 2042 festi
1992 1998 2304 2043 violationem

249 2067 398 2111 Exod.
439 2066 577 2118 XVI,
619 2067 673 2108 29
714 2066 951 2109 Israelita}
991 2067 1040 2109 in
1079 2066 1273 2110 deserto
1314 2067 1635 2123 prohibentur
1668 2069 1745 2113 die
1773 2069 1959 2113 sabbati
1984 2075 2119 2113 extra
2144 2073 2303 2112 castra

247 2139 375 2182 exire
399 2138 459 2180 ad
483 2136 809 2193 colligendum
833 2136 1042 2188 Manna;
1079 2138 1201 2187 dein,
1249 2152 1303 2180 ex
1342 2139 1648 2194 generalibus
1691 2138 2145 2196 praescriptionibus
2178 2139 2305 2182 circa

248 2208 500 2251 sabbatum
543 2213 690 2262 patet,
729 2207 937 2250 vetitum
977 2207 1127 2251 fuisse
1175 2207 1255 2251 illo
1296 2208 1372 2252 die
1422 2210 1513 2251 iter
1556 2210 1747 2264 proprie
1787 2209 1972 2253 dictum
2015 2209 2304 2252 instituere:

248 2285 416 2334 postea
441 2292 553 2321 vero
580 2276 755 2328 Judaei,
794 2277 929 2320 cultu
965 2277 1174 2334 quodam
1215 2277 1361 2333 Legis
1399 2278 1542 2322 nimis
1571 2279 1746 2322 literali
1770 2278 2024 2334 compulsi,
2049 2278 2305 2322 contende·
2335 2325 2338 2328 ,

247 2357 364 2392 runt
391 2349 522 2392 nefas
546 2363 651 2392 esse
676 2356 730 2391 ut
757 2348 864 2405 quis
889 2349 1000 2404 plus
1041 2363 1186 2405 quam
1229 2349 1346 2394 2000
1381 2349 1655 2393 cubitorum
1688 2351 1820 2393 ultra
1841 2364 2006 2393 muros
2030 2349 2182 2401 urbis,
2221 2353 2307 2392 aut

249 2419 378 2462 ultra
401 2420 633 2462 terminos
661 2417 975 2461 habitationis
1002 2433 1102 2461 suae
1128 2418 1487 2463 deambulatum
1515 2420 1633 2472 iret3
1679 2424 1936 2476 propterea
1969 2418 2098 2476 quod
2129 2417 2305 2462 Taber-

249 2490 475 2532 naculum
499 2489 557 2531 ab
584 2495 795 2532 extremo
832 2489 985 2532 limite
1019 2494 1296 2532 castrorum
1331 2489 1712 2533 Israeliticorum
1746 2490 1795 2532 in
1820 2489 2012 2533 deserto
2035 2488 2132 2533 duo
2158 2489 2307 2532 millia
2359 2479 2371 2484 ’

250 2560 523 2621 cubitorum
566 2559 786 2602 distaret.
828 2559 966 2614 Quod
1005 2559 1199 2616 quidem
1239 2560 1446 2616 spatium
1482 2560 1634 2603 ferme
1670 2561 1784 2604 1100
1818 2560 2004 2611 metris,
2038 2560 2068 2602 i.
2095 2574 2134 2603 e.
2157 2559 2308 2602 leucae
2366 2568 2374 2574 ‘

251 2629 508 2685 quadranti
543 2630 889 2684 aequiparatur.

309 2698 591 2742 Hom-ilitica
631 2697 952 2741 commentatio
991 2696 1133 2740 obiter
1176 2697 1369 2754 adjecta.
1411 2698 1523 2742 Tria
1556 2707 1669 2742 sunt
1703 2699 1826 2743 facta
1851 2698 2097 2755 praecipua
2123 2712 2230 2755 quae
2257 2698 2307 2741 in

250 2774 411 2812 monte
440 2767 688 2811 Olivarum
715 2769 873 2824 egisse
897 2767 1077 2822 legitur
1103 2767 1277 2810 Jesus:
1321 2768 1384 2810 ibi
1419 2768 1545 2811 enim
1578 2768 1713 2812 flevit
1748 2783 1894 2825 super
1927 2768 2214 2819 Jerusalem,
2249 2782 2305 2812 ex

248 2837 509 2882 tenerrimo
547 2837 704 2881 cordis
747 2837 950 2887 affectu3
996 2836 1174 2880 ibidem
1215 2851 1351 2880 suam
1389 2837 1630 2880 inchoavit
1671 2838 1987 2890 Passionem3
2022 2852 2076 2882 ac
2111 2837 2340 2883 tandem·

250 2907 360 2951 inde
386 2907 627 2964 gloriosus
652 2906 700 2948 in
728 2906 902 2949 coelum
927 2906 1159 2951 ascendit.
1205 2905 1321 2961 Quae
1354 2907 1548 2963 quidem
1583 2908 1675 2950 tria
1709 2908 1747 2950 si
1783 2907 2155 2963 conjungamus,
2185 2920 2305 2962 prae·
2350 2920 2353 2922 “

248 2978 425 3021 claram
447 2992 636 3020 morum
663 2976 933 3020 doctrinam
957 2976 1271 3032 colligemus:
1310 2991 1367 3019 ex
1400 2976 1457 3019 iis
1491 2977 1618 3019 enim
1653 2977 1910 3028 discemus,
1937 2977 1996 3020 ad
2024 2976 2303 3032 exemplum

250 3048 384 3101 Jesu,
428 3052 475 3091 et
511 3061 684 3098 amare,
724 3053 772 3090 et
810 3047 925 3102 pati,
966 3055 1019 3090 ut
1061 3060 1171 3089 cum
1211 3047 1318 3101 ipso
1355 3045 1680 3103 fici-ficemur.
1718 3046 1775 3089 In
1810 3047 1885 3090 his
1919 3046 2078 3090 tribus
2115 3059 2308 3090 summa

249 3118 466 3175 quaedam
505 3118 620 3161 vitae
656 3123 837 3161 nostrae
878 3117 1267 3174 supernaturalis
1311 3117 1570 3173 reperitur,
1610 3131 1763 3174 neque
1807 3117 1890 3160 illa
1933 3131 1960 3160 a
2007 3131 2058 3160 se
2101 3116 2307 3165 invicem

251 3187 462 3243 separari
486 3191 719 3242 possunt3
745 3186 846 3230 haec
870 3193 946 3230 est
968 3187 1096 3229 enim
1120 3186 1331 3230 conditio
1355 3190 1536 3236 nostra,
1577 3192 1631 3230 ut
1659 3187 1871 3242 primum
1899 3186 2054 3230 Deum
2079 3192 2127 3231 et
2148 3184 2307 3242 proxi·

252 3271 384 3300 mum
423 3272 643 3308 amemus,
680 3266 736 3301 ut
775 3258 947 3301 deinde
987 3272 1061 3301 res
1105 3256 1332 3301 adversas
1371 3256 1514 3313 hujus
1548 3263 1691 3300 terrae
1723 3264 1771 3301 et
1803 3256 1991 3301 labores
2027 3257 2206 3302 multos
2251 3270 2308 3300 ex

251 3340 414 3371 amore
440 3327 520 3370 illo
536 3327 799 3383 patiamur,
837 3332 980 3384 atque
1015 3327 1210 3371 tandem
1242 3325 1497 3383 aliquando
1531 3340 1616 3382 per
1641 3332 1861 3369 sanctum
1890 3340 2122 3377 amorem,
2145 3331 2197 3370 et
2219 3340 2307 3382 per

253 3397 408 3441 crucis
437 3396 699 3440 Dominicae
725 3397 1159 3453 participationem,
1185 3396 1245 3440 ad
1267 3402 1499 3440 aeternam
1525 3397 1631 3439 coeli
1654 3395 1860 3452 gloriam
1884 3397 2244 3452 perveniamus.

313 3465 384 3510 13.
417 3465 530 3509 CUM
560 3478 879 3515 INTROISSBNT,
911 3465 986 3510 vel
1026 3465 1198 3517 urbem,
1235 3465 1312 3509 vel
1347 3465 1534 3509 domum
1571 3478 1717 3522 quam
1751 3465 1801 3506 in
1836 3463 1954 3508 urbe
1992 3463 2307 3520 occupabant,

253 3549 591 3581 Asonnnnnun'r
623 3550 672 3579 m
708 3548 1020 3588 COENAGULUM,
1052 3554 1104 3580 εις
1140 3555 1186 3580 το
1224 3541 1414 3591 ὑπερωον,
1460 3535 1513 3580 in
1560 3534 1821 3579 cubiculum
1866 3534 2028 3578 domus
2074 3530 2307 3591 superius.

255 3607 439 3652 Notum
470 3612 546 3650 est
583 3606 630 3648 in
672 3605 955 3650 Judaeorum
993 3604 1216 3650 domibus
1258 3605 1463 3661 privatis
1503 3603 1728 3649 conclave
1775 3617 2004 3660 magnum
2047 3602 2138 3648 sub
2178 3598 2308 3650 teoto
