2430 4030
261 280 330 331 60
807 297 971 332 Aeros
1012 298 1406 346 ArosTotonuM,
1449 284 1526 346 ΙΙ,
1577 286 1758 337 14-41.

183 440 237 478 30
261 429 608 498 sepulchrum
650 430 766 498 ejus
807 435 891 481 est
935 430 1080 499 apud
1120 448 1219 482 nos
1261 431 1515 499 usquein
1548 431 1871 484 hodiernum
1913 434 2079 486 diem.
2114 439 2148 476 ³¹<
2179 433 2306 489 Pro-

259 513 427 581 pheta
465 506 640 580 igitur
685 531 808 564 cum
855 520 1020 576 esset,
1069 519 1124 564 et
1176 514 1341 565 sciret
1388 515 1515 584 quia
1547 514 1903 583 jurejurando
1945 517 2201 584 jurasset*
2231 520 2311 571 illi

181 604 234 643 31
263 595 409 646 Deus
438 595 504 646 de
530 596 713 647 fructu
743 596 916 647 lumbi
945 596 1060 665 ejus
1104 597 1294 648 sedere
1332 614 1503 666 ‘super
1544 598 1729 649 sedem
1759 599 1876 667 ejus
1909 621 1918 651 ε
1953 604 1985 640 *
2015 601 2310 669 providens

258 679 474 730 locutus
515 685 599 730 est
639 679 705 730 de
746 680 1145 731 resurrectione
1190 679 1411 743 Christi,
1444 682 1568 750 quia
1610 699 1786 751 neque
1827 682 2119 735 derelictus
2147 685 2310 735 estin

180 769 234 807 32
258 762 490 833 inferno,
522 780 699 831 neque
729 781 852 814 caro
884 762 999 831 ejus
1033 763 1170 815 vidit
1199 765 1623 832 corrupt-ionem.
1657 769 1689 804 >¹<
1725 764 1884 815 Hunc
1914 764 2107 817 Jesum
2133 784 2308 819 resus-

179 855 234 895 33
259 846 449 898 citavit
483 846 644 910 Deus,
676 847 831 914 cujus
862 865 1051 898 omnes
1081 865 1178 898 nos
1210 854 1379 899 testes
1407 866 1613 899 sumus.
1645 852 1676 888 ³¹<
1709 847 1950 899 Dextera
1988 850 2163 917 igitur
2210 849 2310 901 Dei

259 931 551 992 exaltatus,
581 936 635 981 et
663 930 1025 998 promissione
1070 931 1309 999 Spiritus
1353 932 1526 983 sancti
1568 936 1793 1000 accepta
1829 950 1859 982 a
1899 932 2080 996 Patre,
2123 933 2314 984 effudit

181 1021 237 1061 34
263 1012 422 1076 hunc,
453 1030 611 1081 quem
642 1030 736 1063 vos
768 1013 985 1076 videtis,
1016 1020 1070 1065 et
1097 1015 1316 1065 auditis.
1349 1019 1381 1054 >k
1413 1013 1534 1065 Non
1579 1014 1726 1065 enim
1770 1014 1948 1066 David
1984 1016 2232 1068 ascendit
2258 1017 2313 1068 in

260 1095 458 1147 coelum
491 1116 500 1146 2
534 1095 674 1146 dixit
704 1104 895 1157 *autem
940 1097 1097 1164 ipse:
1136 1099 1289 1171 Dixit
1334 1098 1600 1148 Dominus
1658 1098 1886 1149 Domino
1932 1115 2071 1161 meo,
2117 1099 2246 1151 sede
2284 1119 2315 1150 a

181 1184 238 1226 35
263 1180 472 1232 dextris
500 1181 653 1243 meis,
684 1186 715 1222 ²¹<
746 1181 917 1231 donec
946 1199 1143 1250 ponam
1174 1182 1424 1234 inimicos
1468 1190 1590 1234 tuos
1633 1182 1931 1234 scabeilum
1961 1182 2163 1251 pedum
2193 1189 2311 1235 tuo-

258 1383 485 1428 offendat.
522 1383 853 1428 SEPULCHRUM
885 1396 992 1427 Esus
1018 1397 1096 1427 EST
1121 1397 1242 1428 APUD
1267 1397 1352 1428 nos
1379 1396 1529 1436 USQUE
1552 1395 1602 1426 IN
1625 1395 1913 1426 HODIERNUM
1937 1396 2075 1437 mEM,
2099 1388 2146 1428 et
2178 1383 2229 1427 in
2261 1397 2317 1428 eo

260 1460 376 1498 sunt
394 1454 610 1511 reliquiae
630 1453 842 1510 corporis
863 1453 966 1510 ejus
990 1455 1287 1509 corruptioni
1314 1454 1502 1504 traditi3
1527 1467 1656 1509 ergo,
1679 1453 1737 1496 de
1763 1467 1813 1496 se
1838 1454 1941 1509 ipse
1962 1453 2077 1497 talia
2101 1453 2312 1497 scribere

259 1537 356 1567 non
386 1524 559 1579 potuit.
588 1523 659 1566 De
684 1523 941 1579 sepulchro
968 1523 1170 1567 Davidis
1194 1524 1243 1566 in
1267 1524 1386 1566 urbe
1413 1522 1749 1578 Hierosolyma
1776 1522 1953 1565 videsis
1980 1522 2182 1567 Nehem.
2217 1522 2316 1573 ΙΙΙ,

260 1592 344 1646 16;
385 1593 487 1636 Jos.
530 1596 636 1636 Ant.
678 1595 722 1644 7,
762 1594 830 1643 15,
871 1594 931 1644 33
974 1593 1043 1644 13,
1085 1595 1127 1644 8,
1166 1595 1224 1645 εις
1269 1594 1384 1637 Bell.
1422 1593 1532 1638 Jud.
1579 1594 1616 1644 1,
1657 1593 1698 1642 2,
1740 1593 1780 1635 5.

322 1664 377 1708 30
421 1669 469 1707 et
509 1663 576 1706 31.
621 1663 937 1718 Paraphrasis
980 1683 989 1707 :
1033 1678 1143 1707 cum
1180 1670 1309 1707 esset
1349 1663 1601 1720 propheta,
1635 1669 1687 1705 et
1718 1677 1773 1706 ex
1813 1661 1980 1707 divina
2022 1662 2318 1707 revelatione

262 1734 407 1778 sciret
449 1741 580 1778 certo
622 1734 1010 1791 immutabilique
1055 1735 1249 1778 decreto
1287 1751 1313 1778 a
1357 1734 1456 1777 Deo
1501 1740 1743 1777 statutum
1794 1734 1943 1777 fuisse
1992 1734 2318 1791 (Jurejurando

252 1798 435 1862 jt'trare,
458 1805 489 1847 i.
513 1819 551 1847 6.
582 1804 939 1848 solemnissimo
966 1810 1013 1849 et
1045 1805 1325 1849 firmissimo
1342 1803 1661 1861 jurejurando
1689 1804 2012 1860 promittere),
2038 1811 2091 1847 ut
2114 1804 2318 1848 Messias

263 1889 289 1918 e
328 1875 532 1932 posteris
577 1875 679 1917 suis
725 1874 798 1925 (cle
826 1875 989 1931 fructu
1031 1875 1174 1919 lumbi
1221 1875 1335 1932 ejus)
1386 1876 1690 1932 gigneretur,
1741 1874 2014 1931 soliumque
2058 1874 2198 1929 regni
2244 1873 2319 1916 sui

264 1951 518 2000 occuparet
564 1944 735 1995 (sedere
770 1959 905 2000 super
944 1945 1092 1988 sedem,
1133 1946 1253 2002 ejus)
1303 1964 1311 1988 :
1352 1945 1514 1988 futura
1547 1943 1829 1999 providens,
1863 1943 2049 1987 Christi
2081 1957 2320 1987 resurrec-

263 2015 446 2058 tionem
485 2014 710 2070 praedixit
750 2014 911 2058 verbis
953 2014 1047 2057 illis
1092 2034 1100 2058 :
1140 2015 1248 2059 Non
1287 2015 1573 2071 derelinques
1620 2013 1833 2057 aizimam
1875 2020 1963 2057 etc.

326 2087 395 2130 32.
439 2087 615 2131 Probat
656 2087 779 2129 hanc
823 2087 1216 2130 vaticinationem
1256 2088 1415 2143 reipsa
1453 2087 1603 2130 fuisse
1645 2091 1823 2130 eventu
1863 2085 2216 2130 confirmatam.

324 2157 394 2200 33.
421 2157 647 2200 DEXTERA
675 2157 767 2199 Dm
792 2162 878 2199 etc.
902 2175 910 2199 ε
940 2157 1150 2213 potentia
1175 2157 1264 2200 Dei
1286 2157 1337 2200 in
1363 2156 1523 2199 coelum
1552 2160 1831 2213 assumptus,
1860 2159 2106 2213 postquam
2125 2156 2322 2212 promis-

265 2242 368 2271 sum
402 2226 638 2283 Spiritum
671 2228 885 2269 sanc-tum
919 2226 1092 2282 accepit
1125 2241 1153 2269 A
1187 2239 1336 2269 PATRE
1375 2227 1570 2280 (etenim
1606 2225 1735 2282 apud
1769 2225 1907 2269 Joan.
1946 2225 2084 2277 XIV,
2117 2225 2174 2269 16
2207 2225 2321 2281 Eyo,

265 2298 350 2350 ait,
375 2298 545 2354 ‘royabo
572 2285 761 2340 Patrem
787 2300 826 2340 et
859 2296 1008 2340 alima
1043 2297 1340 2342 Paracliium
1364 2295 1494 2340 <labit
1517 2296 1682 2352 vobis),
1707 2308 1905 2339 EFFUDIT
1929 2309 2058 2339 HUNC
2083 2308 2218 2348 QUEM
2241 2308 2322 2339 VOS

266 2381 451 2412 vmnms
483 2381 538 2411 ET
572 2380 775 2418 AUD1T1s,
809 2366 946 2423 cujus
979 2367 1176 2411 effectus
1212 2382 1295 2411 seu
1330 2366 1573 2410 mirabilia
1606 2367 1730 2411 dona
1764 2366 1954 2411 videtis.
1984 2366 2143 2421 Quum
2166 2365 2321 2409 Filius

269 2438 458 2482 dicatur
504 2437 746 2493 Spiritum
789 2445 1010 2480 sanctum
1058 2436 1300 2487 effudisse,
1350 2437 1567 2480 Ecclesia
1615 2436 1850 2480 catholica
1905 2441 2073 2479 contra
2127 2434 2322 2479 Graecos

270 2509 604 2553 schismaticos
644 2514 772 2551 recte
810 2507 1071 2558 concludit,
1114 2506 1349 2563 Spiritum
1396 2516 1618 2551 sanctum
1652 2521 1679 2551 a
1713 2507 1836 2550 Filio
1870 2508 2013 2551 etiam
2049 2507 2321 2563 procedere.

329 2579 399 2622 34.
442 2578 518 2623 -Ut
564 2579 612 2622 id
656 2579 785 2635 quod
828 2577 970 2622 modo
1015 2578 1151 2629 dixit,
1209 2577 1462 2622 Christum
1517 2578 1666 2621 fuisse
1719 2577 1976 2622 exaltatum
2029 2577 2079 2620 in
2131 2577 2321 2628 coelum,

269 2652 586 2702 demonstret,
635 2650 765 2693 aliud
810 2649 1011 2693 Davidis
1055 2650 1302 2693 oraculum
1351 2649 1562 2693 adducit.
1611 2649 1762 2694 Vates
1811 2663 1945 2693 sacer
1986 2649 2036 2692 in
2084 2649 2156 2693 Ps.
2205 2648 2322 2693 GlX

268 2722 485 2779 loquitur
510 2721 568 2764 de
593 2721 753 2777 aliquo
778 2720 855 2763 cui
881 2720 1023 2763 datur
1046 2720 1197 2763 sedere
1230 2720 1292 2763 ad
1325 2720 1556 2763 dexteram
1592 2720 1693 2770 Det,
1730 2716 1910 2777 quique
1933 2719 2050 2764 adeo
2072 2720 2124 2763 in
2146 2719 2321 2763 coelum

267 2791 554 2836 ascenderat
582 2809 590 2834 :
627 2790 763 2847 atqui
795 2804 891 2833 non
925 2790 985 2833 de
1018 2803 1068 2832 se
1102 2790 1206 2845 ipse
1240 2789 1328 2833 hoc
1359 2789 1592 2840 affirmat;
1638 2804 1752 2845 ergo
1791 2789 1849 2833 de
1888 2789 2086 2834 Christo
2126 2789 2321 2833 Messia.

267 2862 341 2906 Ex
380 2862 469 2905 hac
520 2859 940 2917 argumentatione
997 2859 1259 2916 colligitur,
1316 2859 1446 2902 hunc
1505 2859 1748 2902 psalmum
1805 2859 2071 2903 secundum
2128 2858 2319 2902 literam

266 2931 606 2989 propheticum
644 2944 748 2973 esse
787 2929 845 2973 de
890 2929 1116 2982 Christo,
1152 2930 1281 2986 quod
1324 2936 1371 2973 et
1411 2929 1504 2985 ipsi
1548 2929 1708 2973 Judaei
1742 2929 1858 2972 olim
1892 2928 2232 2979 admittebant,
2267 2931 2322 2972 ut

268 3007 401 3058 patet
422 3015 478 3044 ex
499 2999 674 3044 Matth.
709 2998 876 3049 XXII,
904 2999 958 3041 42
983 3013 1088 3056 sqq.
1120 3022 1174 3029 —
1199 2998 1328 3042 Smin
1353 3013 1379 3041 A
1404 3010 1601 3041 DEXTRIS
1625 3017 1632 3042 :
1658 2997 1957 3054 metaphora,
1982 2997 2120 3054 cujus
2145 3010 2320 3041 sensus

268 3078 342 3117 est
384 3092 393 3116 ι
431 3072 541 3116 veni
583 3084 831 3127 occupare,
876 3071 944 3113 ait
991 3069 1121 3112 Deus
1177 3068 1332 3118 Pater,
1388 3067 1545 3112 locum
1590 3067 1708 3111 mihi
1756 3068 2048 3125 proximum,
2095 3066 2319 3111 omnibus

268 3143 502 3188 creaturis
546 3141 691 3197 longe
733 3140 1118 3184 eminentiorem.
1168 3139 1285 3183 Haec
1329 3138 1476 3182 verba
1517 3139 1578 3182 ad
1623 3145 1849 3182 naturam
1895 3138 2128 3189 divinam,
2174 3151 2320 3195 quam

269 3215 329 3260 ab
351 3220 533 3258 aeterno
558 3213 712 3257 Filius
746 3212 890 3256 habet
928 3212 1055 3256 Patri
1091 3211 1342 3268 aequalem,
1373 3211 1543 3254 referri
1577 3225 1673 3254 non
1709 3219 1942 3266 possunt;
1982 3210 2065 3255 sed
2097 3214 2319 3255 naturam

272 3289 493 3342 spectant
518 3283 793 3332 humanam,
827 3285 1070 3339 quatenus
1104 3281 1207 3324 haec
1240 3279 1290 3323 in
1322 3279 1638 3331 Ascensione,
1672 3279 1732 3322 ad
1765 3293 2007 3322 summam
2029 3277 2320 3335 dignitatem
2384 3311 2386 3313 »

273 3362 322 3402 et
353 3355 557 3413 gloriam
596 3354 748 3410 regni,
793 3369 939 3410 super
978 3367 1168 3398 omnem
1210 3355 1500 3402 creaturam,
1544 3351 1751 3395 exaltata
1788 3355 1875 3395 est.

334 3426 404 3469 35.
430 3425 593 3469 DoNEc
617 3435 774 3466 PONAM
800 3435 1010 3467 1N1M1cos
1031 3435 1143 3466 Tuos
1168 3433 1441 3466 scABnLLUM
1463 3433 1626 3465 PEDUM
1657 3432 1868 3464 monum.
1897 3417 2097 3464 Locutio
2120 3419 2320 3475 poetica,
2387 3458 2390 3459 γ

273 3495 414 3542 valde
448 3493 620 3545 audax,
659 3493 804 3537 ducta
835 3507 892 3537 ex
934 3507 1068 3538 more
1103 3493 1319 3537 Asiatico
1353 3491 1655 3547 devictorum
1695 3490 1912 3535 hostium
1949 3489 2070 3533 colla
2115 3487 2320 3546 pedibus

274 3564 488 3612 calcandi
520 3582 530 3608 ε
565 3563 634 3608 sic
665 3563 814 3608 Josue
850 3563 931 3616 (X,
965 3563 1040 3619 24)
1071 3562 1219 3620 jussit
1256 3566 1313 3606 ut
1343 3561 1580 3606 Israelitae
1609 3559 1758 3617 pedes
1791 3573 1939 3615 super
1961 3558 2082 3603 colla
2105 3557 2320 3617 quinque
2381 3559 2385 3568 “

274 3649 447 3694 regum
481 3638 729 3691 ponerent.
758 3631 941 3677 Sensus
980 3638 1080 3676 est:
1123 3633 1262 3677 donec
1291 3631 1482 3688 perfecte
1514 3629 1743 3686 subjecero
1775 3629 1861 3674 tibi
1893 3628 2041 3673 hostes
2075 3631 2196 3672 tuoe.
2244 3658 2249 3659 ν
