2430 4030
385 243 485 292 166
944 252 1106 290 Ao'rus
1144 253 1539 301 APOSTOLORUM,
1582 254 1691 290 CAP.
1731 239 1856 292 XV.

330 409 359 450 6
449 393 482 430 ³⁸<
523 388 1021 456 Conveneruntque
1061 387 1316 456 Apostoli
1361 392 1414 439 et
1454 387 1698 440 seniores
1740 389 1928 441 videre
1971 389 2039 442 de
2084 389 2270 443 verbo*
2296 389 2430 455 hoc<

328 477 409 539 7*
440 472 577 525 Cum
614 477 798 523 autem
840 489 1040 539 magna
1077 470 1411 540 conquisitio
1450 471 1625 534 fieret,
1666 489 1901 541 surgens
1941 472 2139 525 Petrus
2178 473 2320 529 dixit
2353 457 2426 528 ad*

378 575 496 609 eos:
541 554 662 607 Viri
688 556 905 616 fratres,
936 573 1032 606 vos
1072 555 1224 606 scitis
1254 555 1512 624 quoniam
1554 557 1623 608 ab
1661 556 1904 626 antiquis
1944 557 2139 609 diebus
2184 557 2333 610 Deus
2367 559 2422 613 in

377 639 537 691 nobis
566 637 757 706 elegit,
786 655 885 705 per
922 655 981 689 os
1030 655 1209 688 meum
1255 637 1446 688 audire
1495 636 1705 690 Gentes
1749 638 1978 691 verbum
2027 639 2339 708 Evangelii,
2367 640 2430 694 et

329 745 357 785 8
378 719 618 772 credere.
655 722 688 759 >¹<
716 719 789 769 Et
819 718 910 787 qui
938 718 1096 770 novit
1123 718 1289 770 corda
1335 718 1504 783 Deus,
1542 720 1918 771 testimonium
1957 720 2258 789 perhibuit,
2289 721 2423 774 dans

328 804 484 867 9illis
515 801 782 871 Spiritum
825 806 1098 863 sanctum,
1140 802 1283 852 sicut
1327 806 1381 852 et
1419 801 1603 866 nobis,
1651 806 1684 843 ²¹<
1725 808 1781 853 et
1823 803 1962 854 nihil
1990 803 2252 856 discrevit
2279 804 2424 856 inter

301 908 357 948 10
379 904 477 938 nos
507 891 563 937 et
590 885 734 949 illos,
763 884 872 935 fide
909 884 1207 952 purificans
1249 883 1416 936 corda
1455 902 1663 937 eorum.
1710 889 1743 927 ²¹<
1785 885 1950 938 Nunc
1979 905 2114 956 ergo
2143 886 2274 956 quid
2304 891 2420 939 ten-

377 969 507 1021 tatis
554 968 748 1031 Deum,
790 967 1074 1035 imponere
1107 966 1307 1036 jugum
1346 984 1512 1036 super
1540 968 1782 1020 cervices
1827 968 2243 1039 discipulorum,
2272 969 2430 1039 quod?

438 1182 479 1226 6.
524 1182 767 1232 Aros'rom,
815 1181 1005 1232 Petrus,
1050 1178 1277 1231 Jacobus,
1324 1183 1373 1223 et
1413 1179 1641 1232 Joannes,
1690 1185 1743 1225 ut
1789 1184 1980 1225 constat
2017 1195 2074 1225 ex
2118 1180 2222 1225 Gal.
2268 1179 2336 1233 II,
2379 1181 2420 1226 9.

380 1253 628 1303 SEMORES,
662 1263 856 1294 rursum
891 1254 1153 1304 πρεσβυτεροι
1192 1267 1199 1292 :
1234 1248 1581 1305 intelliguntur
1615 1249 1889 1294 sacerdotes
1923 1265 2106 1301 omnes,
2141 1254 2246 1294 tum
2279 1249 2421 1306 primi

378 1323 562 1369 ordinis
611 1320 829 1377 (episcopi
876 1319 1070 1375 proprie
1114 1318 1267 1371 dicti),
1314 1319 1354 1362 si
1401 1319 1717 1364 admittamus
1771 1319 1890 1364 alios
1943 1320 2193 1376 episcopos
2244 1326 2422 1377 praeter

376 1393 618 1451 apostolos
644 1390 708 1434 ibi
733 1389 961 1440 adfuisse,
987 1394 1091 1432 tum
1120 1387 1319 1431 secundi
1341 1388 1525 1432 ordinis
1554 1389 1817 1446 (simplices
1837 1389 2132 1447 presbyteri).
2166 1390 2232 1433 Hi
2265 1390 2426 1435 ultimi

377 1464 576 1510 concilio
610 1459 934 1504 interfuerunt
977 1458 1036 1501 ad
1077 1457 1468 1509 consultandum;
1509 1459 1727 1514 apostoli,
1769 1464 1818 1503 et
1856 1460 1897 1503 si
1939 1460 2022 1517 qui
2061 1460 2145 1504 alii
2182 1459 2425 1505 adfuerint

378 1531 607 1591 episcopi,
632 1530 692 1574 ad
714 1527 1029 1584 definiendum
1053 1531 1299 1584 tamquam
1318 1526 1506 1583 judices
1542 1547 1551 1572 :
1591 1528 1759 1574 Petrus
1791 1535 1954 1574 autem
1989 1530 2048 1574 ad
2075 1529 2426 1587 praesidendum

377 1603 538 1656 coetui,
562 1608 809 1658 tamquam
836 1604 982 1654 caput
1003 1597 1209 1648 concilii,
1234 1602 1283 1640 et
1305 1598 1745 1642 controversiarum
1773 1599 1922 1656 judex
1956 1613 2228 1656 supremus.
2255 1600 2424 1644 Plures

378 1675 523 1719 etiam
545 1671 653 1716 laici
685 1674 951 1727 praesentes
986 1672 1123 1710 erant
1159 1667 1223 1719 (v.
1259 1667 1356 1720 22),
1387 1668 1611 1725 quamvis
1645 1670 1802 1714 vocati
1839 1684 1935 1713 non
1969 1669 2210 1714 fuissent:
2237 1660 2430 1714 ΠυΙΙιΠΠ

378 1750 539 1789 tamen
578 1740 820 1785 habebant
862 1738 943 1795 jus
986 1736 1270 1793 disputandi
1314 1736 1391 1780 vel
1434 1737 1736 1791 definiendi3
1779 1739 1980 1784 aderant
2026 1739 2327 1784 solummodo
2370 1743 2430 1785 ut

377 1814 614 1864 audirent,
655 1815 947 1867 spectarent,
986 1811 1035 1851 et
1070 1807 1442 1852 assentirentur.
1489 1808 1587 1853 Res
1625 1809 1692 1853 ibi
1734 1813 1839 1853 acta
1879 1814 1952 1854 est
1996 1823 2105 1852 cum
2148 1808 2427 1854 assistentia·

380 1883 596 1940 Spiritus
630 1881 783 1925 sancti
818 1881 884 1932 (v.
919 1877 1015 1931 28),
1049 1892 1165 1934 ergo
1198 1891 1307 1920 cum
1348 1878 1638 1923 auctoritate
1678 1879 1934 1924 infallibili.
1976 1879 2239 1924 Decretum
2272 1880 2421 1924 latum

377 1954 470 1998 fuit
497 1954 546 1997 in
569 1952 724 1996 forma
746 1949 889 2006 legali
919 1954 967 1992 et
990 1948 1193 1992 solemni
1219 1951 1281 1999 (v.
1313 1947 1403 2002 29),
1450 1949 1611 2005 Igitur
1643 1950 1704 1993 1m
1738 1950 1830 1993 fuit
1865 1950 2121 1994 concilium
2164 1949 2421 1995 OE'cumeni-

378 2038 495 2075 cum,
519 2022 579 2066 ad
601 2020 738 2077 cujus
762 2019 1006 2075 exemplar
1027 2018 1119 2062 alia
1143 2018 1371 2073 deinceps
1396 2018 1638 2063 celebrata
1663 2019 1862 2064 fuerunt
1883 2019 2084 2064 concilia
2107 2019 2362 2075 generalia.
2420 2027 2430 2031 ⁷·

440 2093 480 2137 7.
516 2091 674 2136 CUM...
707 2101 875 2133 FIERET
900 2107 908 2132 :
931 2106 1157 2142 γενομενος,
1191 2090 1437 2144 postquam
1469 2102 1646 2144 magna
1677 2092 1930 2142 συνζητησις,
1965 2088 2180 2145 plurium
2213 2088 2342 2132 inter
2372 2098 2430 2133 se}

379 2162 673 2220 disquisitio,
698 2158 982 2215 disputatio,
1002 2158 1140 2215 sacta
1161 2157 1352 2214 fuisset,
1387 2163 1504 2201 tunc
1544 2158 1712 2202 Petrus
1745 2159 2128 2204 controversiam
2152 2157 2331 2203 solvit:
2356 2157 2424 2202 sic

378 2236 430 2279 in
463 2233 680 2279 conciliis
714 2230 959 2274 liberrime
994 2229 1276 2286 praecedunt
1309 2242 1501 2286 semper
1534 2228 1908 2284 disputationes.
1945 2230 2146 2282 Plinius,
2179 2215 2430 2287 tamquam]

379 2303 609 2349 Ecclesiae
635 2301 860 2358 princeps
884 2304 931 2343 et
959 2313 1179 2342 summus
1207 2298 1369 2354 judex,
1403 2312 1506 2341 rem
1539 2298 1723 2343 definit.
1752 2299 1827 2343 ΑΒ
1851 2312 2069 2353 ANTIQms
2101 2311 2285 2351 DIEBUS,
2306 2296 2430 2349 nihil

379 2374 511 2419 aliud
532 2373 610 2417 hic
635 2370 878 2428 significat
903 2384 1047 2426 quam
1061 2369 1168 2425 jam
1190 2369 1383 2420 dudum,
1414 2367 1630 2425 pluribus
1663 2368 1834 2413 abhinc
1866 2370 2009 2414 annis
2043 2370 2174 2423 (ante
2203 2369 2257 2414 10
2278 2363 2430 2423 annosss

381 2444 568 2495 saltem,
603 2439 869 2485 secundum
905 2439 1051 2482 tabul.
1087 2437 1273 2488 chron.,
1307 2451 1457 2493 supra
1490 2452 1538 2493 p.
1573 2437 1674 2491 28);
1713 2437 1839 2481 idem
1873 2443 1948 2483 est
1979 2452 2033 2482 ac
2065 2453 2110 2482 v.
2145 2439 2202 2481 14
2222 2437 2430 2495 primum:

383 2529 467 2558 seu
489 2511 727 2571 primitus,
755 2509 892 2553 initio
913 2507 1162 2566 praedicati
1197 2506 1466 2564 Evangelii.
1504 2507 1634 2551 Dnus
1659 2519 1709 2551 ΙΝ
1734 2520 1886 2559 NOBIS,
1909 2508 2033 2552 inter
2059 2522 2145 2552 nos
2169 2500 2430 2566 apostolos}

381 2595 548 2628 Eiinerr
572 2581 663 2625 sibi
693 2580 868 2636 (graece
889 2592 985 2622 aor.
1014 2576 1176 2629 med.,)
1208 2589 1266 2620 Ur
1299 2589 1390 2620 PER
1421 2588 1471 2620 os
1505 2588 1647 2620 MEUM
1678 2576 1899 2621 audirent
1929 2575 2120 2633 qentiles
2146 2580 2234 2621 etc.
2265 2575 2430 2662 Tacita

382 2653 583 2711 respicit
605 2650 665 2695 ad
687 2648 946 2693 historiam
973 2646 1201 2698 Cornelii,
1225 2660 1326 2703 cap.
1351 2645 1413 2690 X.

441 2721 868 2767 8.Tns‘r1Mon1UM
910 2728 1168 2760 szmssui'r
1212 2714 1273 2759 de
1313 2714 1629 2759 admittendis
1671 2715 1938 2772 gentilibus
1979 2729 2077 2761 non
2115 2726 2409 2760 circumcisis

383 2792 622 2851 siquidem
639 2788 818 2834 talibus
837 2785 1037 2830 dederat
1062 2784 1302 2841 Spiritum
1326 2788 1564 2838 sanctum,
1588 2784 1995 2842 quemadmodum
2018 2783 2097 2829 die
2123 2711 2430 2872 Pentecoste&

383 2862 606 2907 eumdem
630 2858 768 2903 nobis
794 2853 1097 2901 circumcisis
1126 2853 1332 2909 largitus
1358 2858 1449 2897 est.

441 2932 482 2975 9.
527 2931 810 2974 Pumricffls
857 2930 946 2969 etc.
997 2923 1312 2977 Praeoccupat
1358 2935 1394 2965 s.
1445 2921 1614 2964 Petrus
1663 2921 1981 2979 objectionem
2035 2915 2423 2966 Judaizantium

382 3000 591 3059 gentiles
628 3012 734 3043 esse
770 2994 1047 3040 immundos
1087 3007 1173 3037 seu
1209 2992 1443 3048 impuros
1483 2991 1606 3036 Fiim
1639 3010 1648 3037 ι
1687 3007 1773 3050 per
1811 2992 1962 3046 fidem,
2001 3006 2098 3037 non
2136 2990 2316 3035 nudam
2352 2987 2418 3051 (uls

381 3071 551 3115 volunt
576 3065 950 3119 Protestantes),
984 3062 1084 3115 sed,
1118 3061 1247 3120 quod
1278 3061 1473 3106 aliunde
1504 3062 1748 3114 novimus,
1781 3076 1889 3106 cum
1923 3076 2023 3119 spe,
2056 3061 2349 3106 contritione
2389 3063 2421 3108 ·-,²'

382 3139 617 3183 charitate
643 3135 968 3192 conjunctam.
2399 3129 2402 3132 ’

442 3211 513 3253 10.
535 3209 767 3252 'Pssumis
801 3206 964 3256 DEUM,
996 3216 1108 3248 eum
1139 3200 1200 3247 ad
1231 3199 1353 3243 iram
1387 3200 1659 3255 provocatis
1685 3200 1781 3254 (hic
1803 3214 1977 3244 sensus
2002 3179 2237 3256 probatur
2261 3211 2318 3242 ex
2341 3195 2410 3240 Psi

385 3278 643 3329 LXXVII,
675 3277 730 3321 17
764 3275 869 3320 coll.
899 3274 994 3325 18),
1029 3269 1300 3315 manifestae
1343 3268 1446 3327 ejus
1485 3269 1726 3314 volunta-ti
1761 3273 2388 3326 repugnantes;1moniiii

381 3349 576 3395 volentes
605 3347 836 3403 imponere
869 3342 1063 3397 (infinit.
1097 3338 1472 3396 epexegeticus:
1499 3338 1556 3382 cf.
1589 3338 1771 3391 Beelen,
1805 3337 2022 3383 Gramm.
2055 3351 2201 3393 graec.
2235 3351 2282 3381 n.
2313 3333 2391 3379 Τ.
2397 3326 2402 3330 ’

380 3421 453 3472 45,
475 3418 520 3473 3)
545 3414 792 3461 cervicibus
817 3421 1178 3460 D1so1PULoauM‚
1210 3406 1422 3451 ethnico·
1426 3405 1815 3459 christianorum,
1845 3418 2006 3450 susim
2037 3405 2161 3462 legis
2195 3389 2400 3449 Mosai³

379 3488 586 3541 ritualis,
625 3496 748 3539 QUOD
782 3494 938 3535 NEQUE
979 3492 1152 3524 PATRss
1185 3488 1365 3529 nosrm,
1404 3488 1563 3530 NEQUE
1606 3486 1689 3521 Nos
1735 3475 2161 3530 (communicative)
2209 3480 2401 3539 Ponrji}v

381 3570 625 3608 Po'rumus,
649 3554 746 3599 nisi
766 3566 876 3597 cum
898 3549 1104 3595 maxima
1125 3546 1420 3593 difficultate.
1454 3544 1590 3591 Hanc
1613 3545 1736 3590 addo
1758 3545 2120 3596 correctionem,
2145 3556 2291 3602 quam
2315 3540 2332 3586 i
2346 3560 2355 3578 ι
