2430 4030
851 279 1140 315 costRsm
1181 279 1442 315 nunnoni.
2068 263 2169 313 115

91 495 243 566 >¹zejus
289 493 564 547 sublatum
612 498 712 542 est.
766 491 1186 543 Generationem
1234 494 1350 562 ejus
1399 494 1522 562 quis
1559 494 1871 557 enarrabit,
1912 493 2168 563 quoniam

68 572 83 607 ³
129 579 350 632 tolletur
393 570 460 627 de
501 583 646 627 terra
691 576 804 626 vita
853 574 1016 644 ejus?

125 831 310 877 ducitur
331 834 474 883 muta,
513 846 607 875 non
634 831 818 882 balanS,
839 845 982 889 neque
1004 831 1267 877 reluctans:
1302 833 1372 877 ita
1395 834 1530 877 etiam
1563 833 1793 886 Christus,
1821 834 2021 890 futurus
2052 834 2171 878 Mes-

122 900 232 951 sias,
270 900 333 947 ad
355 903 544 945 mortem
567 900 774 953 ducetur,
813 900 982 958 absque
1013 916 1062 944 eo
1094 902 1214 959 qaod
1246 918 1294 946 os
1326 918 1462 946 saum
1485 906 1732 960 aperturas
1756 903 1817 947 sit
1839 903 1901 947 ad
1922 903 2172 962 querelam,

123 973 206 1022 aut
228 971 541 1015 reluctaturus
562 971 636 1014 stt.
677 969 778 1014 Hac
801 977 963 1015 autem
989 973 1346 1028 comparatione
1371 973 1524 1017 Isaias
1549 975 1657 1017 vult
1680 973 1969 1030 significare,
1994 974 2171 1018 crucia·

78 1044 203 1086 tus
225 1048 272 1085 et
295 1048 499 1085 mortem
524 1039 711 1084 Christi
735 1039 874 1096 plene
899 1040 1174 1084 voluntaria
1198 1041 1298 1085 fore
1321 1048 1465 1099 atque
1493 1049 1666 1099 sponte
1688 1050 1894 1100 accepta

184 1109 255 1153 33.
290 1109 348 1154 ΙΝ
378 1122 687 1154 HUMILITATE.
725 1108 907 1153 Sensus
950 1109 1206 1153 verborum
1245 1111 1547 1155 hebraeorum
1590 1113 1782 1156 videtur
1815 1127 1948 1156 esse·
1984 1113 2073 1156 Per
2096 1127 2171 1170 op-

123 1178 401 1238 pressionem
427 1182 467 1222 et
481 1179 722 1236 judicium
757 1178 1060 1232 (hendiadisz
1098 1194 1182 1235 per
1214 1179 1452 1235 judicium
1489 1183 1868 1237 oppressoriam)
1911 1186 2078 1239 raptus
2109 1186 2173 1226 est

126 1261 198 1297 so.
213 1247 272 1292 ad
298 1247 605 1305 supplicium.
651 1247 819 1291 Graeca
841 1249 1006 1292 eodem
1033 1248 1173 1292 modo
1197 1250 1367 1305 exponi
1397 1257 1629 1305 possunt:
1663 1252 1722 1294 In
1747 1252 1844 1307 ejus
1870 1252 2170 1308 oppressione,

121 1317 347 1363 sententia
372 1318 468 1374 ejus
494 1316 872 1362 condemnatoria
897 1332 979 1375 per
1003 1319 1096 1362 vim
1122 1318 1221 1362 lata
1247 1323 1311 1362 est
1333 1324 1370 1362 et
1394 1320 1532 1375 quast
1557 1323 1732 1363 extorta
1749 1340 1761 1363 .·
1783 1320 1882 1364 vel:
1911 1320 1972 1363 In
1995 1335 2171 1377 oppres·

123 1387 248 1432 sione
272 1387 369 1444 ejus
391 1387 491 1430 lata
518 1389 581 1430 est
607 1387 834 1430 sententia
863 1387 977 1443 ejus,
1019 1388 1048 1430 i.
1073 1403 1112 1431 e.
1154 1389 1206 1431 in
1240 1403 1340 1431 eum
1378 1389 1477 1432 lata
1510 1393 1572 1432 est
1606 1389 1835 1432 sententia
1867 1390 2172 1447 oppressoria,

56 1502 66 1514 ,⁷
121 1459 313 1517 injusta.
343 1460 630 1510 Hnmmus,
668 1459 835 1503 eodem
859 1475 1003 1503 sensu
1032 1462 1325 1518 intelligitur
1357 1477 1411 1504 ac
1452 1465 1520 1505 vn.
1558 1462 1648 1514 IX,
1687 1463 1771 1506 14:
1807 1464 2029 1506 Miserere
2069 1463 2171 1513 mei,

43 1552 58 1562 ⁴
122 1529 330 1580 Domine,
353 1529 456 1574 viole
483 1528 796 1573 humilitatem
820 1545 967 1574 meam
1003 1531 1055 1574 de
1088 1531 1297 1575 inimicis
1327 1533 1458 1583 meis,
1497 1533 1526 1575 i.
1550 1547 1587 1575 e.
1623 1533 1906 1576 venationem
1938 1546 2079 1590 quam
2114 1533 2173 1575 ab

60 1595 67 1598 ”
127 1600 330 1644 inimicis
357 1601 476 1644 meis
502 1601 675 1656 patior,
701 1600 812 1643 vide
837 1608 1073 1658 quantum
1104 1602 1185 1645 isti
1213 1617 1289 1646 me
1314 1604 1604 1658 opprimant.
1630 1602 1733 1646 Vox
1757 1618 1914 1659 graeea
1940 1603 2017 1646 hic
2042 1602 2173 1646 adhi-

42 1673 56 1726 ζ
126 1668 227 1714 bita
248 1688 487 1714 ταπεινωσις
511 1670 704 1726 proprie
727 1671 854 1725 sign.
881 1675 1036 1714 actum
1061 1672 1364 1728 deprimendi,
1398 1673 1707 1730 opprimendi,
1732 1673 1930 1716 venandi
1956 1672 2172 1730 aliquem,

52 1737 56 1742 ’
125 1753 153 1783 a
173 1739 316 1785 verbo
337 1759 537 1784 ταπεινοω
563 1740 720 1797 (quasi
742 1759 932 1784 ταπεινον
957 1745 1113 1794 ποιεω),
1139 1742 1200 1785 acl
1225 1745 1396 1786 terram
1421 1743 1640 1799 deprimo,
1666 1743 1863 1786 humilio
1889 1743 2173 1796 (secundum

112 1810 223 1854 -vim
247 1811 633 1868 etymologicam,
656 1810 716 1854 ad
742 1810 963 1863 humum,
988 1813 1015 1854 i.
1037 1828 1075 1855 e.
1106 1819 1284 1856 terram
1312 1813 1565 1869 deprimo).
1596 1814 1837 1857 JUDICIUM
1871 1826 1977 1857 EJUS
2010 1827 2172 1856 SUBLA-

30 1870 62 1938 γ’
123 1893 223 1927 TUM
252 1894 347 1934 EST,
380 1879 494 1937 ᾑρθη,
521 1883 580 1926 ab
604 1889 738 1938 αἱρεω,
763 1883 810 1926 vt
836 1883 1014 1936 extollo,
1039 1883 1234 1940 abripio.
1272 1883 1479 1928 Gallice:
1527 1884 1596 1930 On
1623 1884 1689 1928 z’a.
1715 1884 1937 1942 opprime,
1964 1900 2018 1927 en
2041 1898 2173 1928 arra·

31 1950 55 2003 „s
123 1947 274 2002 ohant,
297 1965 415 2007 pour
437 1951 566 1995 ainsi
587 1951 703 2002 dire,
741 1967 794 1996 sa
817 1953 1180 1996 condamnation
1206 1954 1235 1995 a
1257 1954 1427 2005 Pitate,
1467 1955 1548 2011 qui
1570 1955 1751 1998 voulait
1772 1953 2044 1997 Z'absoudre.
2069 1952 2174 2004 Vel,

20 2003 57 2061 ἕ
127 2020 240 2076 quia
264 2021 565 2076 praeteritum
594 2020 930 2078 propheticum
958 2031 1030 2066 est
1055 2037 1140 2078 pro
1166 2023 1360 2066 futuro:
1397 2039 1450 2066 en
1477 2023 1793 2080 Z'opprimant,
1819 2038 1876 2066 on
1908 2020 2175 2073 arraehera,

36 2087 44 2092 ’
127 2102 186 2133 on
207 2093 474 2147 emportera,
498 2105 618 2147 pour
644 2091 773 2134 ainsi
797 2091 913 2142 dire,
940 2091 992 2135 de
1014 2092 1112 2136 vive
1127 2093 1268 2148 force,
1292 2107 1344 2136 sa
1370 2093 1745 2137 condamnation.

77 2215 82 2219 .
189 2157 571 2204 GENERATIONEM
603 2173 710 2205 ans
742 2173 850 2214 Qms
882 2162 1186 2206 ENARRABITP
1229 2163 1389 2207 Verba
1416 2170 1530 2207 sunt
1557 2165 1682 2206 inter
1706 2162 1912 2206 obscura
1937 2161 2175 2206 obscuris·

43 2239 59 2247 ‘
129 2227 278 2273 sima:
305 2230 575 2287 praecipuas
603 2235 857 2274 auctorum
881 2231 1310 2288 interpretationes
1336 2233 1674 2276 indicabimus.

26 2288 67 2346 ΛΓ
186 2296 389 2354 Quidam
433 2307 636 2343 sumunt
674 2300 1016 2356 =qenerationem
1058 2308 1302 2359 tamquam
1345 2303 1564 2379 regimen
1603 2301 1735 2345 verbi
1770 2299 2026 2351 enarrabit,
2052 2300 2176 2343 etin

51 2414 59 2428 ,Ἰ
127 2366 246 2412 duas
284 2368 465 2413 abeunt
504 2371 789 2422 sententiae,
836 2385 923 2425 pro
963 2371 1143 2426 duplici
1183 2387 1345 2422 sensu,
1386 2372 1468 2428 qui
1502 2373 1604 2415 voci
1639 2370 1873 2427 ¹qeneratio
1907 2368 2057 2412 tribui
2099 2367 2176 2411 hic

75 2443 300 2513 potest.
328 2437 547 2482 Diximus
581 2438 642 2482 ad
675 2453 777 2495 cap.
812 2439 881 2491 ΙΙ,
921 2441 977 2482 40
1013 2443 1354 2497 qeneoationem
1394 2441 1651 2496 designare
1690 2439 1908 2482 homines
1951 2437 2175 2494 aequales,

109 2504 158 2548 i.
182 2518 222 2549 e.
249 2521 344 2550 una
369 2507 630 2565 eademque
657 2516 801 2552 aetate
826 2510 1076 2562 viventes3
1099 2511 1174 2553 vel
1201 2517 1350 2555 totam
1374 2511 1488 2555 vitae
1514 2511 1702 2560 seriem,
1721 2509 1990 2551 historiam.
2015 2507 2176 2563 Igitur

112 2574 179 2618 1³²
201 2578 440 2621 sententia
462 2583 566 2622 est:
607 2579 715 2636 quis
754 2593 981 2623 enarrare
1023 2581 1201 2636 poterit
1234 2595 1377 2639 quam
1416 2582 1631 2637 perversi
1658 2580 1809 2623 futuri
1835 2579 1932 2621 sint
1956 2579 2174 2622 homines

81 2645 271 2700 ,istius
293 2650 636 2704 generationis,
676 2651 885 2708 aequales
913 2650 1142 2694 Messiae?
1187 2653 1231 2695 2²²
1268 2651 1549 2695 Sententia:
1592 2653 1700 2709 quis
1739 2663 1963 2693 enarrare
1998 2648 2177 2703 poterit

14 1233 38 1241 f
8 662 73 1183 kv-V‘QM⁴QW55⁴
22 556 74 568 g
0 455 2 457 ,

31 2631 34 2635 ’
51 2624 74 2645 i

27 2695 109 2786 ζ’
129 2728 271 2772 quam
298 2717 534 2762 mirabilis
558 2719 722 2764 futura
746 2721 810 2764 sit
836 2720 1019 2764 Christi
1045 2720 1265 2772 historia,
1285 2730 1386 2766 tota
1411 2724 1525 2766 vitae
1549 2720 1960 2765 divino-humana)
1987 2717 2172 2761 series?

25 2789 47 2847 ’ξ
127 2807 185 2836 ·-,
206 2787 305 2831 Alii
326 2790 667 2845 qenerationem
690 2791 869 2834 habent
893 2806 980 2848 pro
1005 2792 1277 2835 accusativo
1309 2792 1532 2836 absoluto
1558 2811 1566 2835 :
1607 2791 1667 2834 act
1705 2789 2042 2847 qenerationem
2077 2787 2175 2842 ejus

21 2869 68 2916 ’,ᾗ
129 2856 250 2912 quod
271 2859 449 2911 attinet,
486 2861 590 2917 quis
612 2861 854 2904 enarrabit
879 2861 1000 2919 quod
1022 2861 1206 2906 tolletur
1231 2862 1283 2906 de
1309 2866 1427 2906 terra
1452 2862 1554 2906 vita
1577 2863 1676 2918 ejus
1700 2862 1722 2905 ?
1764 2861 2063 2915 Interpretes
2103 2857 2173 2900 illi

31 2919 78 2979 ῖς
130 2937 322 2971 rursum
346 2929 632 2974 scinduntur
658 2931 708 2973 in
734 2931 854 2974 duas
880 2939 1061 2987 partes,
1101 2931 1366 2975 secundum
1403 2931 1645 2987 duplicem
1671 2944 1866 2973 sensum
1893 2929 2022 2971 vocis
2044 2940 2172 2983 qene-

19 2987 78 3053 ἓξ·-
101 3007 103 3010 “
127 2996 268 3043 ratio.
297 2998 504 3043 Proinde
526 3000 573 3044 3³
594 3001 835 3045 sententia
854 3007 946 3044 est:
973 3002 1031 3044 ad
1049 3002 1196 3045 vitam
1218 3001 1318 3057 ejus
1338 3001 1467 3057 quod
1490 3002 1681 3052 attinet,
1700 3000 1808 3056 quis
1828 2998 1975 3054 digne
1994 2996 2172 3052 poterit

27 3045 86 3102 7⁹3⁵:
109 3078 352 3112 „enarrare
384 3083 494 3113 eum
528 3077 684 3115 morte
721 3071 966 3115 sublatum
1003 3071 1166 3122 fuisse,
1206 3077 1404 3127 propter
1442 3072 1516 3124 (ut
1556 3072 1776 3128 sequitur
1809 3068 1938 3124 apud
1974 3066 2179 3120 Isaiam)·

31 3135 101 3193 ³5(
130 3145 377 3197 peccatum
401 3140 606 3197 populi?
637 3141 844 3185 Demum
870 3144 920 3184 4³
945 3141 1212 3184 sententia:
1239 3140 1298 3184 ad
1325 3142 1532 3197 aequales
1559 3141 1659 3197 ejus
1691 3139 1818 3197 quod
1843 3138 2034 3188 attinet,
2062 3136 2172 3193 quis
2232 3179 2241 3187 ,

127 3213 295 3249 eorum
318 3212 407 3260 est,
430 3211 512 3266 qui
539 3224 701 3254 secum
724 3215 918 3266 reputet
947 3224 1058 3254 eum
1090 3209 1301 3253 occisum
1334 3210 1485 3253 fuisse
1518 3217 1718 3266 propter
1745 3213 1938 3265 peccata
1964 3203 2171 3263 populi?

36 3267 133 3339 Ἑρ,
189 3272 430 3322 Conclusio
453 3283 629 3324 nostra.
657 3280 712 3324 P.
747 3281 920 3325 Patrizi
947 3282 1014 3334 (in
1041 3279 1225 3323 Oomm.
1254 3278 1314 3322 ad
1342 3279 1386 3322 h.
1409 3280 1476 3333 l.),
1505 3279 1841 3336 copiosissima
1867 3275 2172 3321 testimonio-

76 3344 238 3394 'afrum
261 3347 385 3392 serie
406 3347 632 3401 adducta,
650 3350 880 3402 ostendit,
898 3364 963 3393 ss.
984 3349 1151 3392 Patres
1168 3360 1334 3392 omnes
1354 3348 1630 3400 admittere,
1658 3349 1838 3393 Isaiam
1861 3347 1928 3391 ibi
1952 3347 2170 3390 locutum

79 3418 234 3476 *gesse
255 3413 316 3458 de
339 3415 518 3461 Christi
539 3419 866 3474 generatione,
885 3419 988 3462 sive
1011 3417 1175 3461 divina
1197 3417 1298 3460 sive
1325 3416 1548 3468 humana,
1567 3418 1669 3461 sive
1693 3417 1751 3460 de
1774 3422 1981 3473 utraque
2008 3413 2171 3458 simul.

0 3526 42 3546 =.
75 3469 466 3557 ,;ξῼηαιῑιοὶ)ι·θω,
503 3501 528 3531 e
569 3494 776 3545 quatuor
815 3487 1072 3533 sententiis
1113 3485 1279 3530 statim
1317 3486 1543 3532 indicatis
1580 3488 1839 3532 secundam
1876 3486 1950 3531 vel
1973 3486 2166 3530 tertiam

0 3550 4 3569 ³
35 3568 37 3573 ’
72 3542 115 3620 {4’23
129 3552 355 3609 amplecti
379 3571 476 3602 non
498 3557 737 3604 dubitem.

67 413 204 479 '‘'3se,
232 411 348 465 sine
374 420 524 473 voce,
564 410 642 464 sio
681 427 789 461 non
831 411 1045 479 aperuit
1084 429 1143 462 os
1183 429 1362 463 suum.
1394 415 1426 452 ²¹<
1455 411 1521 462 In
1553 410 1863 462 humilitate
1903 410 2168 478 judicium
2193 415 2246 454 33
