2430 4030
167 310 234 359 22
648 319 1000 356 INTRODUOTIO
1042 319 1098 354 IN
1138 317 1299 354 AOTUS
1339 315 1737 352 APOSTOLORUM.

173 457 470 509 historiam.
527 457 720 508 Obiter
762 462 892 507 nota
938 455 1187 507 eumdem
1243 455 1536 506 Doctorem
1591 454 1646 504 in
1695 454 1849 522 proef.
1903 453 1962 504 in
2016 452 2216 504 Matth.

171 542 329 592 aliam
359 541 707 610 proposuisse
736 539 1127 608 conjecturam,
1156 557 1278 608 quae
1306 538 1438 590 viris
1466 536 1696 588 eruditis
1727 537 1903 588 minus
1932 536 2218 606 probatur.

483 710 510 776 ᾧ
560 708 641 759 13.
686 708 760 757 De
805 705 1108 775 leeophilo,
1150 706 1221 756 ad
1261 724 1413 774 quem
1451 705 1669 775 scripsit
1718 705 1902 756 Lucas.

242 854 576 921 Theophilus
630 853 774 904 idem
828 858 912 904 est
966 853 1020 903 in
1075 854 1229 922 cujus
1283 853 1518 921 gratiam
1573 870 1616 903 s.
1671 852 1847 902 Lucas
1893 850 2006 918 jam
2060 869 2217 902 suum

171 937 464 1004 scripserat
517 936 902 1004 Evangelium.
962 934 1161 987 Confer
1212 936 1386 1004 igitur
1442 935 1841 1004 Prolegomena
1886 934 1954 985 ad
2005 933 2221 1002 Evang.

172 1039 214 1073 s.
266 1019 445 1071 Lucae.

243 1106 420 1158 Nobis
449 1107 629 1158 omnio
659 1124 980 1175 persuasum
1011 1111 1113 1169 est,
1145 1106 1506 1175 Theophilum
1548 1122 1667 1156 esse
1706 1122 1905 1156 nomen
1941 1104 2223 1172 proprium

170 1208 436 1259 personae,
485 1208 593 1241 non
639 1208 767 1242 vero
811 1208 1008 1241 nomen
1064 1189 1458 1258 appellativum
1507 1205 1613 1257 quo
1661 1187 1996 1239 christianus
2044 1186 2223 1256 quivis

170 1287 257 1333 Θεῳ
280 1287 412 1337 φιλος,
443 1275 549 1325 Deo
577 1292 749 1335 carus,
779 1273 1139 1341 significetur.
1171 1273 1361 1324 Virum
1390 1278 1572 1324 autem
1601 1271 1752 1322 illum
1783 1271 1949 1323 fuisse
1977 1270 2222 1323 ethnico-

171 1359 551 1420 christianum‚
601 1358 760 1409 facile
806 1358 1111 1409 credamus.

245 1440 369 1491 Jam
399 1459 546 1504 ver-0,
589 1446 649 1492 ut
689 1441 1024 1509 Theophilus
1065 1439 1248 1491 omnia
1287 1438 1565 1490 historicae
1593 1437 1924 1489 narrationis
1965 1437 2226 1506 adjuncta

172 1527 276 1578 rite
304 1527 599 1595 intelligat,
644 1545 685 1578 s.
732 1526 908 1578 Lucas
948 1528 1003 1577 in
1043 1527 1280 1589 Actibus,
1323 1523 1782 1594 quemadmodum
1810 1523 1867 1574 in
1898 1523 2223 1592 Evangelio,

176 1612 373 1662 multas
414 1610 501 1661 hic
541 1611 762 1679 illicque
803 1610 958 1662 addit
999 1610 1415 1678 explicationes,
1456 1609 1761 1678 praesertim
1805 1607 2223 1676 geographicas,

176 1696 432 1765 quamdiu
481 1695 724 1763 loquitur
769 1696 836 1746 de
884 1695 1206 1764 regionibus
1251 1713 1372 1764 quae
1417 1694 1486 1745 ad
1528 1693 1742 1744 Italiam
1784 1710 1891 1743 non
1925 1692 2222 1761 pertinent.

178 1780 452 1830 Ponamus
493 1779 702 1847 aliquot
743 1779 1048 1847 exempla:
1109 1779 1230 1829 Act.
1288 1778 1333 1841 I,
1395 1778 1458 1828 12
1515 1777 1682 1828 situm
1745 1775 1948 1827 montis
2003 1774 2224 1837 Oliveti,

176 1862 403 1930 ejusque
453 1862 520 1912 ab
567 1862 699 1912 urbe
751 1861 1132 1930 Hierosolyma
1182 1861 1520 1920 distantiam,
1567 1865 1623 1910 et
1662 1859 1867 1927 pariter
1909 1875 2025 1926 cap.
2068 1856 2226 1920 XVI,

181 1947 246 1995 12
289 1945 453 1995 situm
500 1945 876 2013 Philipporum
920 1945 1152 2008 definit3
1198 1962 1314 2012 cap.
1357 1942 1544 2006 XVII,
1588 1943 1650 1992 21
1698 1942 2025 2010 peculiarem
2057 1940 2226 1992 Athe-

181 2027 450 2078 niensium
493 2027 699 2078 indicat
738 2028 1021 2089 indolem;
1066 2046 1182 2095 cap.
1225 2026 1467 2088 XXVII,
1513 2026 1561 2088 8,
1609 2027 1671 2075 12
1715 2025 1862 2075 varia
1897 2025 2014 2076 loca
2041 2040 2228 2074 rursus

183 2118 313 2160 nota
339 2110 488 2160 facit.
523 2109 630 2160 Sed
658 2129 687 2160 a
716 2129 832 2178 cap.
875 2110 1149 2172 XXVIII,
1183 2112 1267 2171 12,
1300 2109 1391 2159 ubi
1421 2109 1586 2159 semel
1615 2108 1684 2158 ad
1714 2114 1913 2159 terram
1957 2107 2226 2170 Italicam,

184 2210 380 2260 nempe
427 2192 494 2242 ad
550 2192 806 2257 Siciliam,
862 2193 1106 2256 advenit,
1161 2192 1440 2243 scribendi
1491 2191 1758 2242 rationem
1813 2196 2008 2254 mutat,
2062 2208 2230 2259 quum

184 2276 321 2326 sciat
383 2274 689 2344 Theophilo
754 2276 926 2344 probe
993 2276 1272 2343 cognitam
1326 2292 1445 2326 esse
1497 2275 1818 2343 regionem3
1892 2291 2060 2343 quare
2114 2274 2231 2324 loca

182 2358 504 2426 simpliciter
556 2359 801 2409 nominat
851 2380 860 2410 :
910 2358 1223 2427 Syracusas,
1279 2356 1576 2425 Rhegium,
1635 2356 1911 2417 Puteolos,
1968 2357 2131 2406 etiam
2185 2355 2230 2405 si

182 2442 408 2510 parvula
472 2442 583 2492 sint
648 2447 811 2510 atque
875 2443 1123 2493 obscurae
1187 2441 1365 2505 famae,
1429 2446 1489 2490 ut
1545 2441 1674 2509 Apii
1728 2440 1931 2491 Forum
1985 2445 2042 2490 et
2093 2438 2227 2489 Tres

183 2525 463 2577 Tabernae.
507 2525 716 2576 Eodem
757 2525 917 2576 modo
957 2524 1209 2593 procedit
1235 2525 1291 2575 in
1319 2524 1478 2576 factis
1519 2523 1859 2593 exponendis
1891 2544 1900 2575 :
1934 2540 2055 2592 quae
2083 2523 2226 2573 enim

184 2615 339 2660 extra
367 2610 584 2660 Italiam
625 2629 655 2660 a
697 2610 863 2661 Paulo
892 2616 1051 2679 gesta
1092 2614 1221 2660 sunt
1260 2609 1379 2661 fuse
1420 2615 1754 2677 pertractat;
1802 2608 1899 2660 sed
1939 2607 2127 2659 statim
2168 2625 2230 2658 ac

185 2693 413 2743 Romam
441 2693 710 2760 pervenit,
751 2693 952 2744 librum
993 2692 1247 2756 absolvit,
1287 2692 1537 2761 quamvis
1575 2692 1798 2743 maximi
1827 2690 1937 2743 sint
1967 2690 2231 2742 momenti

185 2793 307 2844 quae
335 2776 389 2825 in
417 2775 508 2825 illa
536 2776 689 2839 urbe,
719 2776 868 2827 orbis
898 2775 1095 2844 capite,
1125 2776 1428 2826 evenerint.

258 2858 404 2910 Hinc
437 2859 488 2908 1Ο
516 2859 887 2922 confirmatur,
932 2858 1079 2927 quod
1127 2875 1291 2926 supra
1333 2857 1590 2922 diximUS,
1635 2859 1662 2927 ᾧ
1706 2858 1759 2922 4,
1795 2857 1960 2908 finem
1989 2855 2230 2908 auctoris

183 2942 490 3011 proximum
531 2942 716 3003 fuisse,
766 2947 827 2992 ut
863 2959 926 2992 ea
970 2948 1216 2992 narraret,
1250 2958 1371 3010 quae
1413 2940 1748 3009 Theophilus
1793 2939 1933 2991 scire
1980 2943 2229 3008 cuperet,

183 3032 277 3077 aut
315 3043 437 3094 quae
477 3026 527 3076 ei
566 3025 786 3076 utiliora
826 3029 1052 3088 essent3
1109 3042 1219 3076 non
1263 3042 1390 3076 vero
1438 3029 1500 3076 ut
1549 3023 1786 3093 aequales
1839 3041 1965 3075 suos
2019 3040 2228 3085 omneS,

186 3107 359 3158 multo
388 3108 565 3158 minus
593 3107 807 3159 futuros
835 3107 1181 3172 christianos,
1221 3108 1287 3159 de
1329 3106 1591 3159 Ecclesiae
1617 3107 1938 3158 fundatione
1964 3124 2027 3158 ac
2053 3105 2229 3175 prima

188 3189 306 3257 ejus
359 3190 756 3259 propagatione
808 3190 970 3259 plene
1021 3190 1354 3241 institueret.
1409 3189 1529 3241 Hac
1581 3189 1862 3241 occasione
1915 3187 2226 3258 generalem

187 3272 387 3324 addere
429 3273 589 3324 liceat
625 3274 1099 3325 observationem:
1143 3273 1311 3325 sacris
1350 3274 1477 3325 novi
1505 3273 1841 3325 Testamenti
1870 3272 2228 3342 scriptoribus

187 3361 427 3406 mentem
468 3356 888 3425 haudquaquam
939 3355 1109 3407 fuisse
1160 3361 1223 3407 ut
1274 3354 1587 3407 christianis
1642 3355 1926 3408 traderent
1972 3355 2228 3408 notitiam

186 3438 510 3505 completam
541 3439 756 3490 illorum
786 3438 1028 3490 omnium
1057 3457 1179 3508 quae
1206 3438 1430 3490 credere
1458 3443 1514 3490 et
1553 3439 1762 3491 utiliter
1799 3457 1962 3492 nosse
1990 3437 2229 3491 debeant

190 3520 318 3590 (quo
346 3520 541 3589 posit0,
571 3528 956 3590 argumentum
996 3539 1094 3590 pro
1135 3520 1432 3572 traditione
1471 3520 1847 3573 firmissimum
1876 3525 2067 3573 contra
2097 3519 2229 3572 Pro·

185 3608 452 3656 testantes
491 3603 579 3656 hic
619 3603 925 3672 habemus).
968 3603 1250 3673 Apostolis
1289 3603 1434 3656 enim
1475 3603 1791 3656 mandatum
1820 3609 1937 3657 erat
1977 3608 2038 3656 ut
2063 3602 2228 3656 fidem
