2430 4030
249 233 347 284 108
396 206 398 209 .
765 246 925 281 Aeros
966 245 1362 291 Aros'rOLORUM,
1408 229 1571 293 VIII,
1621 233 1766 281 1-25.

193 386 218 425 6
239 383 334 434 bat
361 381 467 432 illis
493 379 787 431 Christum.
812 383 844 419 ²¹<
869 377 1244 429 Intendebant
1271 384 1452 429 autem
1483 378 1661 430 turbae
1691 378 1792 441 his,
1817 395 1939 447 quae
1967 397 1997 428 a
2031 378 2283 447 Philippo
2382 444 2385 446 q

236 465 580 523 dicebantur,
612 462 944 512 unanimiter
970 461 1276 524 audienteS,
1306 468 1362 512 et
1390 461 1644 513 videntes
1686 461 1846 529 signa
1881 478 2002 530 quse
2028 460 2284 514 faciebat.
2363 454 2390 474 'l

189 549 215 591 ’7
236 550 267 587 >ῑ<
298 546 464 597 Multi
491 545 635 596 enim
664 562 869 608 eorum,
901 544 993 613 qui
1036 544 1317 595 habebant
1355 544 1586 613 spiritus
1627 544 1959 606 immundos,
1988 543 2285 595 clamantes

188 633 368 681 8voce
409 646 607 695 magna
648 627 891 678 exibant.
931 631 963 667 >¹<
1005 626 1170 677 Multi
1220 632 1400 678 autem
1442 626 1749 695 paralytici,
1798 632 1852 678 et
1891 626 2072 678 claudi
2112 625 2286 676 curati

188 718 382 765 9sunt.
413 715 445 751 ³¹<
487 711 715 762 Factum
757 715 842 761 est
881 728 1015 778 ergo
1056 709 1322 778 gaudium
1363 727 1625 777 magnum
1667 710 1722 760 in
1762 710 1857 761 illa
1895 710 2138 762 civitate.

307 793 407 844 Vir
445 799 626 844 autem
667 791 886 861 quidam
931 793 1151 842 nomine
1199 790 1406 854 Simon,
1449 792 1539 860 qui
1581 798 1709 844 ante
1748 793 1926 843 fuerat
1965 793 2020 843 in
2061 792 2286 843 civitate

237 888 446 943 magus,
490 875 755 926 seducens
804 880 1027 941 gentem
1073 872 1351 936 Samariae,
1393 874 1583 925 dicens
1629 892 1686 924 se
1735 892 1852 926 esse
1895 874 2132 943 aliquem
2174 892 2285 924 ma-

235 1092 586 1139 remanserant;
615 1094 864 1143 praeterea,
889 1087 928 1130 si
953 1087 1199 1143 apostolus
1223 1087 1410 1138 fuisset,
1431 1087 1534 1144 ipse
1563 1086 1930 1130 Sacramentum
1951 1084 2285 1131 Confirmatio-

233 1161 308 1204 nis
345 1160 420 1213 (de
452 1173 546 1215 quo
579 1173 622 1202 v.
658 1159 714 1202 14
749 1158 841 1215 sq.)
876 1157 1107 1200 dedisset.
1157 1157 1292 1201 Infra
1324 1157 1464 1211 XXI,
1498 1157 1524 1200 8
1557 1157 1880 1214 Ευαη9εῐί8ία,
1912 1171 2037 1200 unus
2061 1171 2083 1200 e
2104 1158 2286 1213 septem,

234 1231 425 1274 dicitur.
467 1229 777 1272 DESCENDENS
815 1240 974 1271 Auram
1019 1231 1211 1284 (antem,
1254 1228 1424 1271 flandr.
1464 1243 1543 1279 nu,
1591 1228 1828 1284 particula
1872 1227 2191 1280 transeuntis)
2235 1238 2285 1270 m

235 1313 487 1344 civrrA‘rEM
511 1306 623 1351 etc.;
652 1305 757 1342 erat
779 1299 883 1354 ipse
906 1313 1033 1341 unus
1057 1313 1082 1342 e
1108 1299 1329 1354 profugis
1356 1298 1451 1340 illis
1477 1298 1558 1355 qui
1588 1297 1772 1342 Christi
1798 1298 2066 1342 doctrinam
2090 1310 2287 1354 sparge·
2326 1309 2330 1313 ·

233 1373 363 1416 bant.
391 1371 656 1414 CIVITATEM
682 1370 914 1414 SAMARIAE
939 1388 947 1412 ι
973 1368 1074 1413 cod.
1103 1368 1284 1412 GDEH
1310 1387 1362 1412 εις
1383 1375 1500 1412 πολιν
1528 1370 1709 1426 absque
1735 1375 1844 1421 art,
1866 1370 1920 1414 in
1941 1383 2089 1412 unam
2120 1383 2143 1411 e
2174 1366 2286 1412 civi-

233 1439 403 1484 tatibus
429 1439 675 1489 Samarioe,
697 1439 818 1483 forte
840 1438 889 1481 in
918 1438 1125 1490 Siohem,
1143 1438 1225 1481 ubi
1249 1438 1476 1482 Christus
1505 1438 1629 1482 bene
1650 1444 1880 1496 exceptus
1903 1438 2061 1483 fuerat
2087 1436 2283 1493 (Joann.

232 1510 321 1562 IV,
347 1511 401 1554 39
428 1511 542 1566 sq.);
568 1509 833 1552 secundum
858 1507 960 1552 cod.
985 1508 1071 1551 AB
1102 1507 1203 1552 Sin.
1227 1527 1280 1552 εις
1311 1528 1382 1561 την
1417 1515 1552 1562 πολιν,
1578 1508 1630 1552 in
1655 1509 1811 1553 urbem
1845 1507 2082 1555 Samariae
2112 1506 2286 1565 princi-

229 1596 344 1638 pem,
369 1595 432 1623 sc.
459 1581 506 1622 in
533 1579 798 1622 Samariam
829 1577 1124 1631 (Sebasten).

291 1652 330 1695 6.
359 1650 677 1694 UNANIMITER
704 1667 713 1692 ε
737 1649 945 1692 refertur
968 1648 1026 1691 ad
1050 1648 1364 1700 intendebant,
1390 1655 1444 1692 ut
1473 1655 1604 1704 patet
1630 1663 1685 1693 ex
1712 1664 1888 1705 graeco.

293 1723 332 1765 7.
356 1721 518 1764 MULTI
542 1725 631 1763 etc.
657 1738 664 1763 :
689 1725 835 1762 πολλοι
861 1717 1071 1771 (ΑΒΟΕ,
1091 1719 1163 1769 it.,
1182 1733 1299 1775 syr.,
1318 1719 1419 1761 sah.
1449 1721 1557 1771 etc.)
1583 1719 1738 1763 instar
1763 1717 2046 1762 nominativi
2068 1715 2285 1768 absoluti,

232 1806 343 1835 nam
378 1790 647 1847 subjectum
680 1788 814 1833 verbi
848 1788 1032 1831 eaeibant
1064 1794 1137 1832 est
1168 1789 1419 1832 clamantes
1451 1789 1649 1846 spiritns
1681 1789 1932 1833 immundi.
1976 1787 2028 1830 In
2070 1787 2170 1831 cod.
2206 1786 2286 1838 H„

234 1876 356 1905 vers.
383 1865 526 1916 cept,
549 1874 624 1915 ap.
654 1874 689 1902 s.
719 1858 892 1915 Chrys.
923 1864 1030 1909 etc.,
1053 1859 1235 1915 legitur
1266 1865 1431 1902 πολλων
1456 1860 1502 1902 in
1528 1859 1760 1916 genitivo,
1786 1859 1867 1916 qui
1892 1857 2069 1914 pendet
2091 1872 2116 1900 a
2139 1855 2287 1901 verbo

236 1938 423 1986 εξηρχετο
455 1949 461 1974 :
487 1930 718 1974 doemonia
752 1929 939 1973 emibant
971 1944 1020 1972 ex
1055 1930 1216 1972 multis
1248 1944 1405 1973 eornm
1432 1929 1515 1987 qui
1537 1930 1734 1987 spiritus
1754 1928 2020 1972 immundos
2043 1925 2282 1970 habebant.

295 2002 335 2044 8.
366 2002 653 2043 PARALYTICI
681 2000 808 2053 (παρα
842 2005 889 2042 et
920 2005 1002 2042 λυω
1025 1999 1162 2052 solvo,
1185 2014 1300 2055 ergo
1318 2001 1458 2058 plene
1482 2001 1618 2052 solv0,
1642 1999 1878 2052 dissolvo),
1904 2011 2108 2056 quorum
2134 1996 2284 2048 nervi,

237 2071 311 2114 vel
343 2071 392 2113 in
426 2076 526 2114 toto
559 2084 769 2125 corpore,
803 2069 877 2113 vel
910 2070 959 2111 in
992 2075 1130 2124 parte
1163 2070 1367 2127 quadam
1405 2074 1522 2114 sunt
1553 2070 1673 2113 male
1705 2069 1863 2119 solati,
1885 2067 2092 2118 resoluti,
2118 2065 2283 2116 laxati,

237 2139 484 2190 debilitati,
508 2138 623 2182 adeo
651 2143 706 2182 ut
730 2138 947 2182 membra
973 2138 1124 2183 officio
1151 2154 1239 2183 suo
1271 2139 1480 2195 amplius
1515 2139 1655 2196 fungi
1688 2145 1946 2196 nequeant,
1972 2151 2123 2194 quum
2149 2142 2284 2179 motu
2420 2140 2430 2204 ἑ

238 2223 477 2265 sensuque
503 2210 602 2251 sint
625 2207 881 2251 destituta.

295 2279 334 2321 9.
368 2278 424 2320 In
460 2277 674 2333 Vulgata
710 2292 906 2320 rursum
940 2284 1014 2321 est
1047 2278 1367 2322 nominativus
1400 2278 1657 2329 absolutus,
1689 2292 1801 2321 nam
1833 2291 1973 2321 voces
2001 2275 2069 2321 vir
2090 2275 2285 2334 quidam

237 2362 331 2390 non
358 2346 539 2390 habent
563 2346 766 2389 verbum
800 2361 825 2389 a
858 2361 952 2403 quo
987 2347 1241 2402 pendeant.
1268 2347 1422 2392 Grace
1448 2349 1516 2391 sic
1545 2367 1553 2392 :
1588 2347 1672 2392 Vir
1694 2350 1849 2390 antem
1869 2345 2076 2404 qnidam,
2100 2343 2285 2388 nomine

236 2417 414 2466 Simon,
446 2417 498 2459 in
529 2430 582 2458 ea
614 2416 811 2467 civitate,
846 2420 953 2459 ante
983 2416 1246 2461 adventum
1285 2417 1510 2474 Philippi,
1533 2420 1632 2461 erat
1656 2431 1833 2473 ma9us,
1854 2417 1884 2460 i.
1908 2430 1947 2460 e.
1971 2418 2118 2458 artem
2139 2413 2284 2469 maqi-

236 2500 336 2529 cam
367 2488 593 2528 emer-cetat
625 2488 714 2528 etc.
741 2508 796 2515 —-
821 2484 991 2528 Misus
1018 2504 1026 2529 ε
1054 2500 1143 2530 vox
1178 2485 1384 2531 Persicae
1418 2486 1640 2543 originis,
1674 2500 1783 2544 quae
1816 2485 2008 2542 proprie
2043 2483 2286 2541 significat

235 2548 503 2611 sapientem,
525 2558 579 2596 ut
604 2559 738 2610 patet
761 2567 815 2597 ex
840 2555 947 2598 Act.
967 2555 1117 2608 XIII,
1135 2556 1177 2606 8,
1195 2556 1278 2600 ubi
1305 2571 1469 2614 mayus
1494 2555 1619 2599 idem
1643 2555 1822 2600 dicitur
1846 2569 1900 2599 ac
1925 2554 2138 2612 Elymas,
2155 2552 2286 2612 quod

237 2623 286 2666 in
309 2623 476 2679 lingua
501 2623 704 2666 Arabica
728 2623 854 2667 valet
881 2623 1150 2681 sapientem.
1179 2625 1483 2670 Vocabulum
1508 2640 1673 2682 maqus
1698 2626 1910 2682 primum
1935 2629 2202 2680 usurpatur
2223 2623 2285 2667 de

236 2694 524 2751 sapientibus
547 2699 592 2737 et
615 2694 925 2738 sacerdotibus
957 2696 1226 2747 Persarum,
1252 2696 1334 2754 qui
1358 2701 1547 2740 naturae
1582 2697 1729 2753 leges,
1756 2701 1804 2740 et
1830 2695 2099 2754 praesertim
2124 2699 2282 2739 'astro-

189 2766 198 2771 ‘
237 2778 344 2807 rum
372 2764 495 2808 situs
521 2769 707 2807 attente
730 2764 1113 2809 considerabant.
1134 2765 1223 2810 Isti
1245 2773 1408 2810 autem
1429 2780 1605 2823 magna
1623 2780 1750 2822 saepe
1768 2766 2020 2822 dignitate,
2039 2771 2088 2808 et
2105 2764 2284 2809 honore
2341 2787 2343 2789 >

239 2834 375 2892 quasi
397 2834 543 2890 regio,
568 2834 695 2876 inter
726 2834 984 2891 populares
1019 2850 1132 2880 suos
1165 2836 1414 2891 pollebant
1437 2855 1446 2880 z
1470 2837 1529 2880 cf.
1558 2837 1735 2883 Oomm.
1758 2846 1911 2881 nostr.
1936 2836 1990 2880 in
2013 2834 2184 2880 Matth.
2213 2833 2281 2886 ΙΙ,

239 2905 261 2945 1
288 2904 355 2951 (3ει
378 2904 491 2947 edit.
517 2918 557 2946 a.
583 2903 870 2955 1880-1862).
897 2904 1072 2949 Postea
1094 2906 1144 2949 in
1170 2906 1343 2950 malam
1378 2916 1566 2962 partem
1599 2913 1851 2964 sumptum
1875 2910 1950 2951 est
1972 2919 2162 2960 nomen,
2195 2919 2284 2962 pro

230 2972 604 3028 proestiyiatores,
629 2972 957 3026 incantatores,
989 2975 1070 3031 qui
1105 2989 1156 3018 se
1188 2979 1243 3019 ut
1275 2976 1510 3033 sapientes
1541 2976 1662 3021 falso
1695 2975 1948 3020 venditant
1977 2989 2104 3032 :quo
2135 2989 2284 3020 sensu

238 3041 417 3096 legitur
442 3041 519 3085 hic
543 3050 590 3084 et
615 3042 719 3084 Act.
746 3042 895 3093 XIII,
921 3044 960 3086 6.

298 3109 474 3153 Dicens
494 3123 544 3153 sn
570 3123 672 3154 ESSE
695 3124 907 3165 ALIQUEM
930 3124 1141 3156 MAGNUM
1159 3132 1168 3157 ε
1188 3127 1360 3171 nempe
1384 3128 1435 3159 se
1459 3115 1684 3160 Messiam
1709 3129 1816 3159 esse
1841 3129 1925 3158 seu
1950 3129 2171 3172 maqnam
2194 3113 2285 3158 Dei

238 3179 453 3222 virtutem
476 3180 537 3228 (v.
565 3180 640 3233 10)
668 3180 1003 3236 profitebatur.
1026 3181 1074 3226 S.
1095 3182 1228 3227 Hier.
1251 3182 1314 3239 (in
1344 3183 1521 3228 Matth.
1548 3198 1589 3228 c.
1609 3185 1689 3238 24)
1718 3191 1928 3236 testatur
1949 3183 2085 3227 illum
2111 3183 2282 3240 gloria·
2392 3227 2394 3230 ,

241 3253 345 3289 tum
370 3247 519 3290 fuisse
543 3246 616 3290 his
640 3249 796 3293 verbis
824 3270 832 3294 ι
858 3251 964 3308 Ego
987 3266 1091 3296 sum
1116 3266 1263 3296 sermo
1285 3252 1401 3304 Dei;
1429 3267 1504 3309 090
1537 3267 1640 3296 sum.
1673 3252 1917 3309 Speciosus
1951 3255 2102 3306 (certe
2134 3251 2282 3308 respi-
2347 3295 2355 3300 ,

240 3315 393 3359 ciebat
426 3316 505 3358 illa
541 3316 716 3360 Psalmi
750 3318 1022 3364 Messianici
1057 3319 1226 3365 XLIV
1260 3339 1272 3365 ι
1307 3319 1551 3378 Speciosns
1573 3322 1736 3378 forma
1768 3337 1866 3380 pros
1887 3321 2010 3379 filiis
2042 3321 2285 3368 hominum
2366 3310 2406 3373 ᾆξ’

239 3389 369 3438 etc.);
395 3401 472 3444 690
496 3387 789 3442 Paraczetus,·
813 3404 887 3446 090
912 3391 1211 3449 Omnipotens
1221 3410 1237 3444 ;
1262 3406 1338 3448 390
1375 3391 1547 3438 Omnia
1579 3393 1668 3438 Dei
1699 3399 1790 3438 etc.
1827 3394 1930 3438 Iste
1962 3407 2079 3451 ergo
2101 3393 2162 3438 ad
2183 3393 2282 3449 pla-
2342 3399 2410 3444 ἲς

239 3457 335 3500 cita
359 3455 574 3500 Philonis
606 3466 654 3501 et
685 3459 1138 3512 Alexandrinorum,
1164 3461 1247 3518 qui
1274 3461 1484 3505 multum
1517 3462 1576 3507 de
1608 3468 1730 3518 Λογῳ
1763 3463 2098 3520 disputabant,
2123 3477 2279 3508 acees-

239 3525 362 3569 sisse
387 3524 576 3569 videtur
598 3558 608 3576 ‚
632 3541 782 3583 quum
806 3527 864 3571 de
889 3543 939 3572 se
963 3530 1168 3582 ipsemet
1191 3530 1372 3576 diceret
1398 3535 1419 3574 ὁ
1441 3536 1572 3586 Λογος
1593 3550 1663 3576 του
1688 3538 1789 3576 θεου
1812 3532 1972 3579 Sermo
1994 3533 2083 3586 Dei
2101 3539 2225 3577 sum.
2273 3578 2278 3582 ,
2338 3568 2342 3577 2
