2430 4030
284 272 390 323 286
737 281 1080 317 DlsssatrAmo
1122 281 1176 316 lv
1218 279 1273 314 m
1311 278 1472 317 Acrus
1510 280 1901 319 Arosronouun.
1936 331 1941 336 .

364 418 419 467 5⁰
450 415 586 468 Cum
617 413 822 477 Judaei,
855 411 1137 465 Christum
1181 411 1600 476 calumniantes,
1641 413 2042 466 contenderent
2076 415 2336 474 miracula

286 500 403 569 ejus
440 517 538 569 per
581 495 916 560 Beelzebub,
960 495 1358 547 daemoniorum
1398 494 1722 564 principem,
1752 495 1943 563 perfici
1976 495 2203 562 (Matth.
2231 497 2334 562 IX,

285 582 354 634 34
386 587 442 633 et
479 580 616 644 XII,
664 580 777 648 24),
822 577 1085 630 Servator
1119 594 1227 628 non
1266 576 1554 645 respondit
1593 576 1850 646 prodigia
1881 595 1913 628 a
1956 578 2174 630 diabolo
2216 581 2335 632 fieri

281 684 388 718 non
418 681 600 730 posse.

354 750 407 800 60
463 747 605 812 Quin
670 745 836 796 etiam
902 745 1138 813 ipsemet
1200 744 1366 796 <Iesus
1426 743 1762 796 contrarium
1829 744 2032 808 innuit,
2092 746 2329 815 quand0‚

283 831 482 883 Matth.
529 828 741 892 XXIV,
791 828 888 880 24:
940 827 1195 895 Saryent,
1244 828 1444 897 inquit,
1484 826 1883 895 pseudochristi
1925 833 1972 880 et
2005 829 2332 900 pseudopro-

277 915 467 984 phetae,
496 918 544 964 et
573 913 780 963 dabant
809 912 967 980 siqna
998 929 1196 979 vnayna
1224 915 1274 962 et
1293 911 1567 980 prodiqia.

355 999 405 1049 7⁰
446 996 591 1048 Huic
639 995 885 1047 concinit
931 995 1255 1064 Apostolus,
1306 995 1401 1046 ubi
1444 996 1473 1045 2
1524 994 1773 1047 Thessal.
1829 994 1909 1059 II,
1964 997 1995 1047 9
2051 995 2118 1048 de
2169 997 2330 1048 Anti-

280 1079 533 1133 Christo:
582 1077 747 1146 quy'as
792 1082 867 1128 est
904 1077 1186 1142 adventnS,
1230 1078 1324 1141 ait,
1369 1077 1653 1129 secundam
1698 1078 2058 1146 operationem
2107 1075 2331 1132 Satanae
2383 1113 2389 1117 -

277 1164 335 1215 in
362 1163 507 1215 omni
534 1163 751 1225 virtute,
785 1166 832 1212 et
860 1161 1052 1231 siynis,
1081 1166 1127 1212 et
1153 1161 1423 1230 prodiqiis
1457 1160 1822 1214 mendacibus.

354 1252 407 1301 8⁰
448 1250 572 1301 Huc
602 1248 769 1300 etiam
800 1248 1043 1316 pertinet
1075 1250 1247 1316 Apoc.
1277 1247 1445 1312 XIII,
1482 1248 1543 1299 13
1574 1252 1629 1299 et
1659 1247 1815 1310 XVI,
1849 1248 1935 1301 14.

352 1337 405 1385 9⁰
444 1332 686 1384 Tandem
715 1332 771 1383 in
801 1350 843 1384 e.
878 1331 1076 1383 Bibliis
1111 1349 1257 1401 saepe
1298 1332 1561 1400 leguntur
1603 1331 1868 1397 historiae,
1901 1350 2041 1402 quae,
2073 1332 2326 1402 quamvis

279 1417 474 1486 maqice
517 1416 739 1486 proprie
785 1415 949 1468 dictae
993 1414 1353 1468 accensendae
1400 1432 1510 1466 non
1549 1415 1677 1478 sint,
1719 1415 2098 1484 prodigiosam
2140 1420 2325 1467 tamen

281 1500 589 1552 daemonum
633 1503 968 1567 potestatem
1013 1498 1398 1566 comprobant:
1450 1516 1500 1550 v.
1547 1516 1634 1566 gr.
1683 1496 1739 1567 al
1773 1498 1913 1550 mala
1951 1498 2095 1550 Jobo
2143 1498 2327 1563 illata;

281 1579 342 1650 bs
385 1581 636 1633 Christus
674 1599 703 1631 a
745 1581 963 1632 diabolo
1003 1598 1129 1632 eum
1173 1586 1424 1632 tentante
1463 1579 1516 1634 vi
1554 1586 1805 1650 arreptus
1850 1580 2073 1647 (Matth.
2112 1580 2214 1644 IV,
2248 1582 2324 1649 1);

281 1662 334 1732 cs
371 1663 708 1732 enerqnmeni
749 1681 844 1714 seu
889 1662 1207 1714 dcemoniaei
1259 1663 1466 1733 pluries
1527 1663 1815 1715 memorati
1854 1664 1910 1714 in
1948 1681 2090 1715 novo
2132 1664 2323 1716 Testa-

282 1753 483 1811 ment0,
517 1747 717 1816 quibus
750 1746 1136 1816 Pythonismus
1166 1746 1462 1816 aliquando
1501 1747 1784 1800 tribuitur.

355 1830 439 1881 Ex
469 1830 553 1881 his
582 1830 838 1880 omnibus
868 1830 1197 1881 concludere
1226 1831 1306 1881 fas
1336 1836 1437 1894 est,
1468 1832 1524 1881 in
1555 1830 1757 1882 divinis
1789 1830 2035 1900 Eloquiis
2074 1830 2329 1882 affirmari

283 1933 465 1967 veram
494 1913 777 1964 diabolicae
805 1913 998 1981 inaqice
1040 1914 1422 1980 existentiam3
1453 1932 1615 1984 quam
1653 1914 1778 1966 ideo
1809 1919 2025 1966 tantum
2054 1921 2330 1983 negarunt

280 1996 854 2067 pseudo-philosophi,
938 1996 1085 2064 quod
1163 1997 1567 2049 contenderent
1641 1997 1822 2049 nullos
1900 2015 2020 2048 esse
2098 1997 2329 2065 spiritus

282 2097 541 2148 nequam3
589 2085 684 2129 aut
730 2079 868 2129 falso
918 2085 1178 2147 putarent
1222 2080 1473 2131 insolitas
1522 2080 1656 2132 istas
1711 2080 2025 2132 daemonum
2077 2080 2320 2131 actiones

282 2163 569 2214 attributis
603 2162 721 2226 Dei,
753 2162 1100 2230 hominisque
1129 2181 1275 2215 sanae
1304 2163 1523 2226 rationi,
1557 2181 1890 2232 repugnare.

354 2246 519 2297 Absit
562 2251 746 2296 tamen
790 2251 852 2295 ut
896 2245 1143 2296 dicamus
1181 2264 1226 2298 s.
1267 2246 1500 2309 Literas,
1541 2245 1671 2296 dum
1711 2246 1840 2296 talia
1886 2245 2031 2296 facta
2078 2251 2324 2307 narrant,

278 2328 519 2379 animum
547 2327 725 2397 plebis
754 2327 1038 2379 credulum
1075 2329 1634 2398 superstitiosumque
1670 2328 1967 2382 excitasse.
2010 2327 2234 2391 Contra,
2263 2345 2327 2379 ea

278 2413 688 2482 reprehendunt
716 2413 919 2481 ubique
949 2419 1227 2483 tamquam
1257 2415 1583 2483 gravissima
1623 2419 1866 2483 peccata,
1907 2412 2171 2465 adversus
2200 2431 2322 2482 quae

278 2489 530 2547 maximae
592 2503 815 2547 statutae
869 2502 999 2546 sunt
1052 2514 1247 2564 poeuae.
1307 2496 1554 2548 Sufficiat
1610 2496 1747 2547 hanc
1801 2496 2015 2547 unicam
2062 2496 2322 2547 recitasse

277 2581 723 2649 prohibitionem,
761 2598 881 2648 quae
919 2581 976 2631 in
1017 2581 1139 2648 lege
1179 2581 1420 2632 Mosaica
1461 2581 1713 2643 habetur,
1756 2580 1919 2632 Deut.
1966 2579 2190 2644 XVIII,
2223 2580 2321 2630 18:

275 2661 398 2713 Non
424 2662 771 2713 inveniantur
808 2663 867 2712 in
907 2668 1007 2715 te...
1053 2663 1145 2732 qni
1171 2663 1243 2714 sit
1285 2663 1571 2732 maleficus,
1612 2680 1703 2714 nec
1739 2662 2065 2726 incantator,
2101 2680 2191 2713 nee
2231 2661 2324 2730 qni

266 2745 529 2813 pythones
573 2745 834 2809 consulat,
882 2765 973 2796 nee
1021 2746 1250 2806 divinos,
1282 2752 1376 2797 ant
1419 2752 1625 2816 quaerat
1673 2766 1707 2798 a
1754 2747 1978 2797 mortuis
2025 2745 2323 2798 veritatem.

281 2829 362 2880 Of.
394 2828 568 2881 Exod.
597 2829 786 2893 XXII,
826 2831 889 2882 18
919 2837 974 2881 et
1005 2831 1139 2883 Lev.
1172 2830 1297 2894 XX,
1330 2830 1417 2884 27.

351 2910 544 2962 Obiter
571 2917 844 2976 notemuS,
885 2912 1031 2964 facta
1069 2914 1521 2979 extraordinaria,
1566 2932 1689 2984 quae
1728 2914 1935 2966 nostris
1978 2911 2324 2983 temporibus
2395 2939 2397 2942 ·

278 3003 568 3045 narrantur
639 2994 828 3062 (tables
898 3000 1231 3059 toarnantes,
1312 2997 1503 3066 esprits
1580 2998 1890 3067 firappeurs,
1975 2994 2323 3064 mayne'tisme

278 3077 506 3140 animal,
535 3077 815 3141 medianis,
846 3079 1298 3131 commzinication
1326 3099 1448 3132 avec
1478 3079 1548 3131 les
1576 3080 1768 3149 eeprits
1804 3079 1979 3147 etc.,),
2021 3078 2322 3131 secundum

278 3159 592 3210 testimonia
648 3160 889 3211 virorum
941 3162 1415 3228 gravissimorum,
1471 3181 1579 3213 non
1627 3180 1748 3213 esse
1802 3163 1987 3213 omnia
2041 3161 2322 3212 oculorum
2411 3156 2430 3191 4

279 3242 516 3292 ludibria
551 3251 644 3293 aut
685 3244 994 3307 mendacia3
1033 3263 1219 3296 verum
1262 3245 1498 3313 plurima
1527 3245 1582 3295 id
1610 3262 1788 3310 genus
1825 3244 2083 3313 prodigia
2119 3243 2320 3295 daemo-
2367 3243 2373 3247 ’

279 3342 409 3373 num
439 3327 703 3390 potestati
729 3326 1096 3377 adscribenda
1123 3345 1262 3390 esse,
1300 3337 1465 3396 atque
1495 3328 1619 3379 ideo
1648 3327 1860 3378 licitum
1901 3326 2320 3419 haudquaquam
2414 3316 2430 3353 ³3

278 3424 397 3456 esse
435 3407 541 3456 ista
581 3426 844 3474 peragere
881 3421 976 3459 aut
1019 3409 1097 3460 eis
1137 3410 1426 3462 interesse.
1469 3408 1551 3461 Cf.
1585 3409 1680 3461 Ill.
1721 3409 1854 3471 Pie,
1889 3409 2044 3477 episc.
2087 3407 2320 3471 Pictam,
2403 3409 2407 3411 ’

279 3488 423 3540 Disc.
465 3494 511 3539 et
551 3489 704 3540 ins-tr.
737 3496 885 3557 past.
925 3492 984 3543 T.
1028 3493 1080 3561 3,
1122 3511 1174 3561 p.
1212 3494 1311 3557 433
1348 3499 1404 3544 et
1450 3492 1513 3544 R
1553 3493 1617 3544 P.
1662 3491 1950 3560 Matiqnon
1998 3491 2060 3544 S.
2099 3490 2173 3554 J.,
2221 3480 2418 3563 Lesgsf'

278 3575 440 3622 ‘morte
468 3576 515 3622 et
543 3571 614 3622 les
642 3572 881 3634 υίυα7ιέ3,·
913 3585 970 3625 et
996 3575 1073 3625 La
1105 3576 1349 3643 question
1386 3573 1455 3625 du
1499 3574 1826 3638 surnatmel,
1865 3592 1932 3626 ou
1971 3573 2026 3627 la
2058 3572 2239 3638 Graiae,
2269 3569 2378 3650 ῑ3,,

279 3653 609 3706 merveillena:
634 3659 681 3706 et
710 3653 754 3706 le
785 3656 1096 3725 Spiritisme
1123 3676 1197 3708 au
1229 3658 1351 3708 19¹1*ss
1375 3655 1543 3710 siecle.
2392 3660 2402 3668 ”
