2430 4030
673 383 924 420 PRAEmrm
964 386 1176 421 Aornum
1215 387 1428 424 comens
1469 389 1652 428 GRAEOI.
2107 382 2173 431 33

33 519 38 523 ’
83 538 89 541 *
147 519 572 572 introductionis
625 520 971 588 paragrapho
1024 526 1078 570 et
1130 522 1184 571 in
1239 521 1879 592 duobuslse’quentibus,
1944 526 2175 590 codices,

147 605 426 658 versiones
478 607 534 653 et
585 603 876 666 editiones,
931 623 1051 673 quae
1106 604 1322 672 majoris
1374 607 1535 674 pretii
1599 609 1884 672 habentur,
1937 609 2176 660 indicare

147 687 542 758 paululumque
591 686 923 737 describere.

224 770 453 822 Codices
481 770 867 839 antiquissimi,
898 770 950 819 in
983 770 1180 837 quibus
1210 777 1392 822 textus
1423 791 1634 840 graecus
1667 775 1900 824 Actuum
1948 777 2176 841 Aposto-

150 855 322 907 lorum
370 852 677 921 completus
722 852 804 903 vel
854 853 1219 920 incompletus
1269 855 1489 922 legitur,
1542 862 1668 906 sunt
1707 863 1994 925 sequentes
2044 877 2054 907 ε

284 1028 330 1080 Ι.
373 1028 603 1080 Oomcas
645 1042 903 1079 ancipites
948 1027 1022 1094 (1)
1067 1046 1200 1080 ANTE
1242 1047 1669 1082 swicHOMnTmAM
1715 1031 1786 1097 (2)
1832 1047 2046 1083 semem.

229 1191 279 1240 1ο
346 1187 517 1241 Oodem
580 1187 646 1250 A,
700 1204 797 1236 seu
864 1187 1282 1252 Alemandrinus,
1343 1190 1433 1259 qui
1498 1190 1552 1239 in
1619 1207 1802 1240 museo
1867 1189 2179 1241 Britannico

20 1310 44 1324 ,ρ
151 1276 482 1332 asservatur,
527 1270 707 1320 nullos
755 1269 923 1320 habet
969 1277 1224 1322 accentus
1263 1279 1354 1322 aut
1395 1272 1649 1340 spiritus5
1694 1272 1963 1339 scriptura
2005 1277 2179 1322 autem

153 1361 239 1407 est
279 1354 538 1406 continua
591 1352 748 1418 (adeo
806 1358 867 1402 ut
919 1353 1088 1404 verba
1140 1354 1287 1405 nullo
1338 1354 1512 1423 spatio
1568 1373 1598 1404 a
1649 1373 1704 1405 se
1756 1355 1987 1406 invicem
2032 1372 2182 1422 sepa-

155 1438 388 1505 rentur),
419 1437 607 1506 paucis
650 1436 782 1487 locis
811 1437 1077 1505 exceptis,
1117 1436 1212 1487 sed
1254 1437 1308 1486 in
1347 1456 1541 1506 parvas
1573 1438 1850 1505 pericopas
1891 1437 2064 1488 divisa
2089 1454 2186 1504 per

155 1526 418 1589 punctum
447 1519 503 1568 in
547 1518 702 1587 apice
744 1518 951 1569 ultimae
991 1519 1164 1570 literae
1202 1518 1512 1584 adjectum5
1554 1519 1857 1586 longiorum
1888 1519 2183 1570 sectionum

156 1603 372 1654 initium
426 1601 600 1652 literis
657 1600 952 1668 majoribus
1008 1601 1388 1668 distinguitur.
1443 1601 1724 1652 Tribuitur
1779 1599 1954 1651 medio
2008 1601 2187 1650 seculo

159 1685 229 1748 V,
276 1697 332 1736 et
374 1685 428 1735 in
479 1683 750 1752 AEgypto,
798 1684 1158 1751 probabiliter
1209 1683 1572 1746 Alexandriae,
1618 1684 1850 1752 scriptus
1898 1688 1997 1733 est.

231 1770 285 1820 2⁰
327 1767 496 1820 Oodeoe
534 1767 597 1830 Β,
639 1785 734 1817 seu
784 1766 1091 1829 Vaticanus,
1138 1768 1227 1835 qui
1261 1767 1447 1818 Romae
1476 1767 1526 1815 in
1559 1766 1888 1816 bibliotheca
1929 1764 2189 1816 Vaticana

160 1852 487 1915 custoditur,
517 1850 836 1902 accentibus
866 1851 1258 1919 spiritibusque
1288 1851 1447 1901 etiam
1479 1856 1641 1912 caret,
1672 1849 1891 1917 ejusque
1925 1848 2190 1915 scriptura

161 1935 368 2006 pariter
421 1934 682 1985 continua
739 1939 858 1996 est3
927 1933 1142 1983 nonnisi
1207 1932 1274 1982 ad
1335 1933 1494 1981 finem
1563 1930 1822 1997 majorum
1894 1929 2190 1979 sectionum

164 2017 500 2086 conspicitur
527 2016 763 2085 spatium
790 2037 803 2078 3
848 2016 1216 2084 interpunctio
1246 2033 1366 2066 rara
1391 2020 1446 2064 et
1473 2033 1502 2064 a
1530 2011 1765 2064 secunda
1794 2030 1952 2061 manu
1988 2010 2189 2061 addita.

165 2101 230 2152 In
275 2099 528 2170 AEgypto
566 2099 847 2151 confectus
888 2105 972 2149 est
1008 2100 1149 2150 sicut
1187 2098 1360 2148 codex
1402 2099 1469 2159 A,
1512 2102 1565 2146 et
1606 2096 1784 2146 seculo
1827 2093 2040 2162 quidem
2083 2092 2189 2153 ΙΙΙ,

152 2186 249 2239 νεὶ
301 2187 492 2238 saltem
538 2184 721 2235 medio
770 2183 869 2236 IV.
921 2183 1347 2234 Accuratissime
1394 2182 1573 2232 editus
1621 2186 1703 2231 est
1749 2199 1778 2229 a
1822 2178 1979 2230 Card.
2030 2176 2191 2239 Maio,

167 2269 391 2339 ejusque
432 2269 818 2319 continuatore
863 2269 921 2318 P.
966 2267 1311 2329 Vercellone,
1357 2267 1544 2316 Romae
1591 2283 1637 2315 a.
1689 2262 1943 2314 1855-57.

240 2354 294 2404 3⁰
344 2351 513 2404 Oodeoe
557 2352 745 2419 Aleph,
785 2371 878 2403 seu
917 2351 1233 2410 Sinaiticus,
1279 2369 1325 2400 a.
1375 2347 1685 2399 1844-1859
1726 2365 1754 2396 a
1793 2341 2194 2395 Tischendorfio

164 2435 222 2485 in
275 2435 607 2485 monasterio
662 2453 703 2485 s.
760 2433 1068 2486 Catharinae
1121 2434 1190 2484 ad
1244 2439 1482 2483 montem
1539 2429 1686 2480 Sinai
1741 2427 2003 2485 detectus,
2050 2429 2104 2473 et
2148 2441 2193 2472 a.

27 2534 48 2578 <02
170 2518 309 2570 1863
352 2517 553 2586 Lipsiae
591 2519 739 2587 typis
780 2519 1081 2588 impressus
1126 2516 1457 2566 fidelissime.
1511 2513 1790 2579 Scriptura
1817 2508 2073 2559 continua
2113 2510 2195 2555 est

167 2606 224 2652 et
250 2599 681 2668 elegantissima,
718 2600 771 2651 in
819 2602 1091 2652 sectiones
1123 2598 1368 2649 versibus
1396 2595 1598 2646 nostris
1628 2592 1848 2651 similes,
1878 2590 2193 2656 plerumque

15 2713 74 2759 vg⁴
168 2689 351 2736 autem
380 2685 447 2735 iis
475 2683 726 2752 majores,
757 2684 964 2746 divisa3
1008 2681 1379 2750 interpunctio
1419 2697 1573 2740 rara3
1603 2676 1656 2725 in
1689 2691 1824 2724 novo
1853 2673 2196 2722 Testamento

23 2763 68 2906 {ss
167 2765 460 2835 aliquando
506 2767 710 2818 adsunt
757 2766 953 2836 spatia,
999 2765 1110 2832 jam
1161 2762 1382 2829 majora,
1421 2760 1530 2828 jam
1581 2758 1805 2817 minora,
1849 2754 1953 2804 imo
1999 2751 2197 2819 duplex

7 2860 9 2862 ’
53 2840 59 2864 ”
168 2857 433 2922 punctum
473 2869 884 2920 nonnumquam
923 2848 1231 2899 adhibetur.
1277 2844 1518 2895 AEtatem
1565 2860 1680 2892 cum
1726 2838 1988 2889 Vaticano
2015 2850 2194 2902 parem

154 2934 355 2999 habet,
409 2933 708 2986 secundum
766 2933 1057 2984 multorum
1109 2929 1455 2981 sententiam.
1515 2924 1598 2975 Ad
1651 2920 1902 2972 familiam
1946 2916 2192 2967 codicum

174 3017 604 3070 Alexandrinam
662 3016 762 3083 (3),
816 3012 1272 3084 quemadmodum
1328 3009 1431 3059 duo
1485 3003 1872 3074 praecedentes,
1937 2997 2196 3066 pertinet.

0 3149 11 3173 Ξ
96 3151 98 3154 ,
179 3104 434 3153 Attamen
478 3104 652 3153 Actus
695 3102 887 3168 Apost.
931 3103 1057 3166 post
1092 3095 1348 3164 epistolas
1393 3090 1645 3141 Paulinae
1686 3091 1738 3136 et
1774 3090 1898 3134 ante
1938 3078 2195 3149 epistolas

178 3182 486 3237 Catholicae
531 3184 699 3254 positi
737 3189 885 3245 sunt,
928 3182 1054 3232 dum
1098 3178 1314 3230 codices
1354 3173 1670 3231 Vaticanus,
1710 3163 2107 3218 Alexandrinus
2145 3165 2200 3210 et

0 3365 4 3368 .
115 3366 128 3373 ,,
211 3340 213 3343 ·
238 3319 302 3374 (l)
340 3319 556 3371 Unciales
581 3324 816 3364 vocantur
841 3317 1042 3367 codices,
1074 3326 1276 3371 quorum
1299 3310 1448 3352 literae
1472 3307 1673 3349 formam
1701 3300 1875 3344 habent
1903 3294 2197 3353 quadratam,

15 3404 25 3440 ἐ
99 3415 148 3446 τι,
177 3392 227 3433 et
250 3398 428 3433 rectam
455 3394 541 3432 aut
567 3389 842 3436 rotundam,
882 3385 1110 3441 omnique
1142 3395 1264 3424 nexu
1299 3380 1424 3421 inter
1459 3390 1508 3418 se
1533 3372 1734 3416 invicem
1761 3372 1942 3411 carent.
1972 3366 2200 3407 Auctores

18 3443 28 3493 i
85 3451 338 3518 {ssfflolent
359 3462 469 3508 illos
493 3463 679 3507 codices
707 3476 791 3518 per
816 3461 982 3503 literas
1023 3453 1266 3512 alphabeti
1299 3449 1584 3507 majusculas
1621 3445 1660 3487 A
1689 3443 1726 3486 B
1753 3441 1787 3484 G
1815 3447 1903 3516 etc.
1937 3436 2199 3509 designare1

240 3530 305 3587 (2)
339 3530 668 3578 Stichometria
691 3530 964 3587 appellatur
986 3527 1069 3569 illa
1090 3521 1328 3568 scribendi
1354 3517 1489 3568 ratio,
1513 3529 1606 3572 qua
1628 3510 1830 3568 singulae
1856 3508 1992 3551 lineae
2014 3514 2200 3547 nonnisi

111 3602 256 3662 ,242th
277 3601 532 3658 continent
551 3601 796 3650 vocabula,
823 3605 942 3656 quot
965 3610 1059 3640 uno
1083 3593 1235 3637 halitu
1263 3587 1465 3646 legenda
1487 3587 1619 3628 sunt.

123 3669 219 3730 »ρξ’ζ
242 3668 308 3726 (3)
342 3669 542 3716 Codices
566 3671 612 3714 in
640 3670 760 3714 duas
781 3665 1023 3722 distingui
1044 3660 1264 3711 familiae,
1290 3657 1413 3700 infra
1437 3654 1667 3699 dicemus.

2395 3973 2430 4030 ihr-l
2403 3938 2430 3963 .ιῖ,
2410 3892 2430 3917 ,ix
2413 3827 2430 3838 J
