2430 4030
695 0 724 16 ι’·
759 6 774 14 «-
798 3 799 6 =

213 297 280 347 92
744 311 904 346 Aeros
943 311 1338 359 APOSTOLORUM,
1382 291 1490 350 cAP.
1534 299 1668 351 VII.

138 453 189 496 15
214 448 246 486 *
294 444 368 496 Et
413 446 694 497 intuentes
741 463 863 496 eum
912 463 1119 508 omnes,
1171 447 1264 515 qui
1307 447 1578 499 sedebant
1617 448 1675 500 in
1712 449 1961 514 concili0,
2004 449 2264 503 viderunt
2301 439 2397 497 ⁷³·

211 527 404 578 faciem
452 527 569 596 ejus
613 533 891 597 tamquam
933 527 1127 580 faciem
1175 529 1382 597 angeli.
2378 526 2382 534 ¹

272 683 340 728 ΙΙ.
379 683 426 729 S.
464 683 739 740 Stephanus
773 698 968 728 causam
1003 698 1140 728 suam
1173 685 1326 737 dicit;
1364 685 1605 742 lapidibus
1638 686 1863 732 obruitur
1895 706 1905 731 :
1938 701 2039 744 cap.
2074 687 2191 733 VII.

287 807 683 860 Summarium.
752 806 1087 876 Stephanus,
1155 826 1185 858 a
1251 808 1487 875 praeside
1567 808 1821 877 Synedrii
1887 810 2265 879 interrogatus
2351 820 2382 836 ’·

218 891 287 958 (v.
360 891 432 954 l),
497 891 703 942 crimen
756 890 1112 959 blasphemiae
1163 891 1220 941 in
1282 891 1513 958 Moysen
1571 897 1627 942 et
1680 892 1986 960 Templum,
2039 894 2107 946 de
2160 911 2267 962 quo
2361 889 2367 899 ⁴

211 975 589 1037 accusabatur,
621 974 786 1042 longa
826 973 1072 1025 oratione
1113 973 1292 1024 diluit.
1335 973 1416 1025 Ut
1453 979 1639 1025 autem
1679 974 1747 1026 ad
1792 975 2021 1044 Moysen
2060 977 2265 1039 veniat,

212 1064 268 1110 et
313 1058 568 1109 ostendat
611 1075 668 1108 se
712 1058 1008 1108 honorifice
1057 1056 1124 1108 de
1169 1056 1261 1107 illo
1307 1057 1528 1119 sentire,
1578 1056 1646 1108 ab
1694 1075 1796 1110 ovo
1846 1078 1959 1110 rem
2025 1059 2267 1124 deducit,

213 1148 268 1194 et
315 1142 596 1192 historiam
646 1140 833 1209 populi
890 1141 1133 1203 Hebraei,
1191 1140 1258 1190 ab
1316 1139 1628 1191 Abrahamo
1677 1159 1849 1210 usque
1897 1143 1965 1192 ad
2016 1142 2269 1210 Moysen,

212 1226 457 1296 generali
497 1226 657 1276 modo
699 1230 963 1276 memorat
1007 1225 1206 1291 (2-19).
1238 1225 1391 1276 Tunc
1433 1224 1502 1275 ad
1541 1231 1929 1293 argumentum
1959 1231 2014 1278 et
2043 1244 2266 1294 scopum

213 1329 370 1361 suurn
399 1310 624 1379 propius
653 1308 939 1372 accedens,
971 1309 1136 1360 vitam
1183 1308 1391 1376 Moysis
1421 1316 1505 1358 sat
1538 1308 1655 1358 fuse
1686 1315 1890 1372 narrat,
1922 1309 2019 1360 tali
2047 1310 2269 1376 quidem

214 1393 375 1444 modo
430 1399 490 1443 ut
542 1410 664 1442 eum
718 1390 972 1442 laudibus
1027 1391 1216 1441 efferat
1268 1389 1502 1456 (20-43).
1561 1390 1625 1440 In
1681 1410 1742 1442 ea
1795 1398 1953 1461 parte
2008 1391 2269 1443 Messiam

214 1475 411 1539 obiter,
453 1495 504 1527 v.
547 1474 633 1538 37,
675 1474 959 1542 praedicat,
1001 1491 1237 1542 eumque
1278 1492 1307 1523 a
1350 1473 1542 1541 Moyse
1573 1474 1887 1526 nuntiatum
1928 1492 2047 1526 esse
2087 1475 2266 1526 docet.

215 1559 377 1622 Dein,
419 1564 479 1609 ut
517 1558 745 1609 alteram
788 1558 1151 1609 accusationis
1193 1562 1402 1624 partem
1435 1556 1702 1619 confutet,
1734 1574 1830 1608 sua
1858 1557 2079 1626 pietatis
2109 1575 2271 1609 sensa

191 1660 347 1711 erga
409 1641 692 1709 Templum
757 1640 955 1709 pandit
1024 1639 1274 1706 (44.47);
1345 1638 1506 1689 simul
1573 1645 1757 1690 tamen
1823 1640 2269 1709 superstitiosum

214 1725 428 1793 Templi
474 1724 700 1787 cultum,
752 1724 843 1792 qui
891 1723 1213 1775 Judaeorum
1261 1721 1678 1773 conversionem
1730 1722 1799 1773 ad
1846 1722 2012 1773 fidem
2063 1721 2270 1774 Christi

215 1812 429 1876 poterat
472 1806 761 1875 impedire,
810 1806 1078 1857 indirecte
1126 1822 1459 1873 oppugnans
1514 1803 1751 1871 (48-50).
1807 1803 1917 1856 Sed
1967 1805 2269 1856 orationem
2379 1860 2382 1861 ⁷

212 1890 498 1942 absolvere
545 1890 774 1959 nequit;
831 1906 954 1940 cum
1010 1887 1155 1938 enim
1205 1886 1486 1938 auditores
1542 1886 1921 1939 vehementius
1976 1888 2272 1957 objurgare
2359 1888 2362 1890 ’

213 1973 440 2041 incipiat
491 1971 729 2038 (51-53),
776 1988 978 2040 eosque
1026 1970 1096 2021 ob
1145 1969 1285 2020 hanc
1333 1986 1555 2020 oausam
1597 1969 1782 2020 furore
1825 1976 2106 2039 correptos
2154 1987 2274 2023 esse

215 2055 615 2107 animadvertat
661 2054 772 2119 (54)
819 2075 828 2104 :
875 2052 1092 2115 Ooelum,
1136 2051 1426 2114 exclamat,
1466 2050 1617 2102 video
1658 2054 1943 2119 apertum!
1991 2052 2127 2121 (55).
2169 2052 2273 2105 Isti
2383 2118 2386 2120 -

215 2145 418 2200 autem,
460 2138 670 2206 impetu
710 2137 854 2188 facto
900 2136 1035 2202 (56),
1066 2154 1189 2186 eum
1219 2141 1376 2186 extra
1404 2135 1686 2186 civitatem
1716 2136 2048 2203 protrahunt
2078 2135 2278 2203 lapidi-·

215 2222 431 2291 busque
478 2221 721 2272 obruunt
769 2217 905 2285 (57).
963 2219 1114 2270 Mors
1160 2218 1276 2286 ejus
1327 2218 1416 2285 pia
1469 2217 1581 2284 (58)
1632 2221 1688 2269 et
1733 2218 2086 2286 magnanima
2135 2217 2272 2285 (59).

141 2367 166 2406 1
292 2353 324 2389 >¹<
371 2346 524 2397 Dixit
571 2350 752 2396 autem
796 2344 1054 2413 princeps
1101 2342 1449 2395 sacerdotum
1500 2362 1511 2393 ε
1559 2341 1618 2394 Si
1663 2342 1777 2394 haec
1816 2342 1891 2393 ita
1931 2360 1988 2394 se
2027 2341 2272 2395 habent?

220 2564 306 2607 per
359 2547 803 2606 promulgationem
857 2546 979 2602 legis
1036 2557 1188 2595 novae,
1242 2555 1478 2588 novorum
1535 2540 1883 2586 sacrificiorum
1937 2547 2047 2594 etc„
2101 2546 2276 2600 sponte
2360 2551 2398 2595 .‘

217 2617 463 2671 cessasse}
487 2617 615 2675 quod
639 2621 799 2661 autem
824 2618 1011 2671 spectat
1035 2613 1095 2657 ad
1118 2612 1390 2669 Templum,
1416 2611 1623 2655 forsitan
1653 2611 1700 2654 in
1725 2611 2006 2654 memoriam
2033 2610 2278 2658 revocavit
2334 2635 2376 2642 νὴ

218 2688 582 2749 praedictionem
627 2685 684 2730 de
726 2684 860 2730 clade
898 2683 1306 2740 Jerosolymitana
1344 2696 1371 2726 a
1415 2680 1674 2726 Servatore
1712 2680 1887 2724 factam
1933 2680 2108 2736 (obiter
2156 2687 2274 2727 nota
2354 2720 2400 2736 „A

217 2762 388 2806 Jesum
430 2756 647 2815 ejusdem
690 2754 910 2798 criminis
950 2758 1117 2798 contra
1153 2751 1409 2808 Templum
1452 2764 1588 2794 reum
1631 2748 1850 2793 habitum
1889 2749 2054 2802 fuisse,
2095 2749 2273 2794 Matth.

216 2829 406 2881 XXVI,
434 2828 523 2882 61).
548 2825 688 2869 Patet
713 2823 826 2868 inde
853 2823 981 2868 viros
1006 2822 1112 2866 illos
1138 2821 1285 2865 falsos
1311 2820 1463 2864 fuisse
1485 2824 1806 2863 accusatores.

277 2902 347 2946 15.
386 2899 631 2951 TAMQUAM
667 2907 844 2939 mcum
880 2905 1057 2938 Ausum
1094 2911 1105 2936 ε
1145 2906 1290 2949 quam
1333 2890 1528 2935 exhibet
1571 2889 1790 2945 angelus,
1839 2887 2030 2946 quando
2076 2901 2277 2945 corpore
2378 2935 2382 2937 λ

216 2971 419 3015 indutus
462 2968 678 3011 humano
722 2963 989 3009 videndum
1032 2976 1083 3007 se
1129 2961 1327 3018 praebet.
1381 2971 1399 2992 ¹¹
1446 2960 1507 3003 In
1551 2959 1686 3003 faciei
1733 2956 2161 3014 pulchritudinem,
2205 2957 2278 3002 ait
2330 2966 2348 2991 f
2366 2964 2385 3020 ss

217 3057 252 3086 s.
296 3040 532 3084 HILARms
570 3036 778 3080 ARELAT.
817 3033 976 3087 (Hom.
1017 3033 1072 3076 de
1109 3047 1144 3077 s.
1184 3030 1383 3089 θερμὴ),
1417 3029 1598 3073 candor
1631 3027 1955 3084 splendorque
1986 3027 2134 3071 animi
2169 3026 2275 3084 ejus

214 3109 503 3155 exundabat.
553 3129 569 3148 n
621 3105 836 3162 Spiritus
891 3118 946 3156 s.,
997 3102 1081 3160 qui
1134 3102 1270 3146 intus
1326 3105 1445 3152 erat,
1502 3098 1812 3154 praesentiam
1867 3111 2004 3142 suam
2059 3096 2272 3142 exterius

217 3178 505 3229 declarabat,
532 3176 724 3221 vultum
760 3172 997 3231 Stephani
1030 3170 1233 3230 ejusque
1264 3174 1410 3226 caput
1436 3169 1542 3213 luce
1565 3166 1754 3224 fulgida
1775 3165 2121 3218 collustrando,
2143 3166 2274 3223 quod
2331 3180 2346 3187 ²
2365 3170 2377 3234 J·⁴

215 3251 268 3294 in
305 3248 524 3294 historiis
569 3250 849 3291 sanctorum
895 3243 1102 3301 legimus
1148 3256 1278 3299 saepe
1323 3241 1505 3284 factum
1553 3251 1674 3282 esse.
1721 3236 1881 3294 Hujus
1931 3236 2001 3280 rei
2038 3235 2272 3282 indicium

217 3320 402 3378 praebet
434 3317 629 3362 nimbus
664 3316 797 3372 (gall.
831 3313 1086 3367 Ιάανέοῐθ),
1118 3312 1202 3370 qui
1245 3314 1524 3355 sanctorum
1567 3307 1862 3364 imaginibus
1894 3305 2098 3364 appingi
2131 3305 2273 3352 solet.

278 3391 317 3434 1.
361 3387 528 3432 Oratio
570 3384 820 3442 Stephani,
858 3383 952 3430 viri
989 3387 1119 3427 certe
1161 3379 1451 3425 Hellenistae
1496 3377 1609 3431 (VI,
1643 3376 1707 3430 5),
1739 3377 1791 3421 in
1823 3390 1920 3434 qua
1951 3379 2095 3420 vetus
2136 3374 2269 3421 Test.
2326 3379 2369 3426 -ζ

214 3459 480 3507 secundum
529 3457 583 3502 70
628 3457 819 3506 citatur,
858 3452 1190 3499 verisimiliter
1235 3464 1393 3508 graece
1435 3448 1603 3493 habita
1645 3447 1754 3492 fuit.
1809 3447 1982 3491 Paulus
2029 3443 2286 3500 (Saulus),
2316 3449 2363 3509 g·

212 3531 296 3590 qui
326 3530 509 3587 absque
539 3527 687 3572 dubio
719 3520 933 3583 praesens
965 3528 1083 3576 erat,
1120 3522 1555 3579 Lucam,·quocum
1592 3522 1759 3576 postea
1795 3522 1979 3562 arctam
2012 3514 2264 3561 contraxit
2290 3514 2367 3567 „5⁸⁵

211 3599 632 3650 necessitudinem,
675 3597 735 3642 de
780 3598 1069 3654 argumento
1109 3607 1138 3639 a
1183 3591 1431 3650 Stephano
1478 3591 1696 3648 exposito
1737 3588 1960 3636 fortassis
2004 3585 2220 3655 edocuit¹
2248 3604 2282 3637 ς’
2318 3586 2351 3627 Γ
