2430 4030
675 321 967 357 convuasm
1008 321 1282 370 sAMAfflAE3
1326 323 1491 358 smoN
1535 324 1728 360 Maece.
2120 312 2220 364 107

181 452 298 497 erat
323 445 700 514 Jerosolymis,
732 452 788 497 et
815 463 1005 496 omnes
1044 445 1281 515 dispersi
1323 455 1451 498 sunt
1488 464 1588 514 per
1629 447 1883 515 regiones
1911 447 2137 511 Judaeae,
2168 454 2224 500 et

185 529 441 582 Samariae
481 536 681 598 praeter
722 530 1039 596 Apostolos,
1072 534 1104 569 *
1136 529 1477 581 Curaverunt
1521 526 1705 581 au'tem
1747 530 2088 599 Stephanum
2119 531 2222 583 viri
2246 558 2272 595 2
2351 585 2355 588 ,

181 611 437 674 timorati,
486 617 541 662 et
593 611 842 662 fecerunt
892 613 1174 679 planctum
1227 631 1483 681 magnum
1542 631 1706 680 super
1761 631 1901 664 eum.
1948 617 1980 653 >¹<
2028 613 2271 685 Saulus3

181 703 361 748 autem
391 696 713 748 devastabat,
743 697 1062 760 Ecclesiam,
1092 715 1189 765 per
1231 698 1421 749 domos
1460 698 1694 760 intrans,
1724 704 1777 748 et
1807 698 2028 749 trahens
2057 699 2222 760 virOS,

181 797 244 830 ac
284 779 556 842 muliereS,
599 779 851 851 tradebat
890 780 946 831 in
987 780 1315 832 custodiam.
1359 785 1392 821 ³¹<
1433 780 1617 848 Igitur
1659 780 1753 849 qui
1793 780 2028 849 dispersi
2067 785 2224 832 erant
2248 811 2274 847 4

182 861 610 930 pertransibant,
639 863 1084 930 evangelizantes
1114 862 1341 915 verbum
1374 862 1493 914 Dei.

254 947 285 983 *
317 943 601 1012 Philippus
628 949 809 995 autem
852 944 1191 996 descendens
1231 945 1287 995 in
1328 945 1606 996 civitatem
1650 944 1928 1010 Samariae,
1960 943 2222 1012 praedica·
2248 974 2273 1012 5

181 1145 342 1190 diebus
362 1145 477 1198 illis,
503 1147 680 1204 quippe
703 1147 831 1204 quod
859 1154 1049 1203 tempus
1078 1147 1238 1190 minus
1263 1146 1517 1190 definitum
1543 1145 1737 1197 indicet,
1760 1159 1934 1201 nempe
1958 1145 2080 1188 eirca
2102 1143 2226 1188 illud

181 1218 357 1272 tempus
393 1219 467 1272 (ut
500 1215 616 1259 Luc.
653 1216 722 1267 ΙΙ,
757 1218 818 1271 l),
852 1216 950 1261 imo
983 1231 1097 1261 vero
1130 1230 1491 1272 nonnumquam
1529 1215 1738 1259 refertur
1778 1214 1838 1258 ad
1874 1222 2101 1258 eventum
2141 1215 2223 1271 qui

180 1285 400 1341 pluribus
425 1286 671 1329 mensibus
704 1296 751 1330 et
785 1286 924 1329 annis
959 1292 1126 1342 postea
1157 1286 1436 1342 contigerit,
1469 1300 1512 1328 v.
1548 1299 1622 1340 gr.
1658 1284 1832 1328 Matth.
1870 1285 1969 1338 ΙΙΙ,
2004 1285 2042 1328 1.
2078 1308 2133 1315 -
2166 1283 2224 1326 ΙΝ

181 1353 412 1398 ΕοοιΕεΙΑ
434 1373 443 1398 :
470 1373 535 1398 επι
559 1373 631 1407 την
654 1361 884 1409 εκκλησιαν,
914 1355 967 1399 in
991 1354 1245 1406 ecclesiam,
1273 1359 1429 1398 eontra
1453 1354 1702 1397 ecelesiam.

240 1422 406 1467 Omns
431 1424 656 1481 (plerique
682 1443 694 1466 .·
721 1443 882 1477 παντες,
918 1439 1014 1468 non
1048 1426 1239 1477 ἅπαντες)
1275 1436 1486 1467 DISPERSI
1519 1436 1651 1474 SUNT,
1685 1423 1849 1479 fugam
1883 1423 2110 1475 inierunt,
2132 1436 2226 1479 qua

179 1494 230 1536 in
262 1508 313 1536 re
346 1494 562 1538 obsecuti
605 1501 718 1538 sunt
763 1494 960 1538 Christo
997 1495 1204 1538 Domino
1237 1495 1285 1537 in
1322 1494 1590 1549 Evangelio
1623 1493 1802 1536 dicenti
1836 1512 1844 1536 :
1883 1493 2044 1538 Cum...
2075 1507 2224 1549 perse·

181 1566 374 1620 queratur
398 1577 473 1607 vos
499 1564 551 1606 in
578 1563 760 1607 civitate
784 1563 890 1615 ista,
907 1564 1064 1619 fugite
1089 1564 1142 1606 in
1168 1562 1316 1607 aliam
1350 1562 1546 1614 (Matth.
1571 1562 1632 1614 X,
1659 1562 1752 1614 23).
1777 1562 1971 1606 Etenim
2004 1576 2223 1619 persecu·

182 1632 361 1676 tionem
386 1632 568 1688 fugere,
598 1647 682 1689 per
714 1647 759 1676 se
792 1633 917 1684 licet,
954 1634 1050 1676 imo
1083 1633 1368 1689 quandoque
1394 1638 1600 1688 oportet.
1625 1631 1716 1675 Per
1740 1631 1955 1675 accidens
1988 1631 2038 1675 id
2070 1631 2224 1675 facere

182 1704 312 1747 nefas
355 1711 445 1756 est,
485 1720 655 1761 nempe
702 1719 809 1748 cum
856 1705 944 1748 Dei
990 1705 1140 1759 gloria
1185 1713 1231 1749 et
1274 1705 1484 1748 charitas
1527 1705 1734 1760 proximi
1775 1704 1980 1747 suadent
2022 1714 2076 1747 ut
2114 1705 2222 1761 quis

181 1776 449 1831 confiteatur
474 1775 710 1821 Christum
734 1790 886 1819 eoram
911 1775 1190 1827 hominibus,
1215 1775 1273 1818 cf.
1302 1775 1476 1818 Matth.
1500 1773 1563 1825 X,
1592 1774 1674 1826 323
1710 1779 1852 1831 atque
1877 1773 1979 1817 haec
2002 1779 2075 1818 est
2100 1774 2223 1818 ratio

181 1859 329 1901 quare
355 1846 404 1888 in
431 1845 488 1888 iis
512 1860 672 1888 rerum
697 1845 957 1902 adjunctis,
1001 1845 1058 1888 de
1079 1844 1256 1902 quibus
1282 1858 1439 1888 sermo
1462 1844 1670 1888 habetur
1692 1844 1768 1888 hic
1794 1845 1841 1886 in
1869 1844 1992 1894 Act„
2017 1844 2220 1899 apostoli

179 1928 274 1957 non
321 1914 551 1969 fugerint,
589 1922 643 1958 ut
681 1918 846 1958 narrat
881 1930 917 1958 s.
960 1914 1114 1958 Lucas
1156 1914 1353 1958 dicens:
1386 1928 1588 1958 omnes...
1626 1917 1790 1970 prceter
1822 1913 2064 1970 apostolos.
2098 1912 2224 1958 Vide

183 1983 357 2028 Gomm.
383 1990 533 2029 nostr.
561 1999 594 2028 s.
622 1984 809 2036 Matth„
837 1984 886 2027 3a
906 1984 995 2037 ed„
1022 1999 1069 2040 p.
1096 1984 1197 2028 471.

239 2054 279 2096 2.
311 2053 548 2098 Versiculi
583 2053 608 2095 2
642 2059 689 2097 et
726 2053 752 2095 3
786 2053 992 2098 habendi
1027 2060 1142 2098 sunt
1166 2068 1252 2110 pro
1280 2053 1571 2110 parenthesi,
1600 2067 1743 2110 quam
1767 2051 1958 2095 inducit
1982 2052 2222 2108 particula

178 2127 232 2165 δε.
275 2121 506 2177 Quamvis
549 2122 715 2166 statim
752 2137 778 2164 a
816 2122 1026 2177 lapidato
1071 2123 1320 2180 Stephano
1357 2123 1544 2179 expulsi
1582 2121 1764 2165 fuerint
1806 2120 2074 2172 christiani,
2124 2137 2219 2166 non

179 2199 338 2235 tamen
386 2192 636 2247 sepultura
679 2193 835 2234 caruit
877 2198 1072 2235 sanctus
1122 2198 1307 2249 martyr
1351 2212 1359 2236 :
1407 2207 1516 2235 nam
1563 2191 1722 2235 Judaei
1771 2190 1966 2247 quidam
2015 2192 2096 2248 pii,
2137 2193 2219 2248 qui

178 2261 430 2305 christiani
453 2276 547 2305 non
575 2269 713 2305 erant
750 2263 965 2316 (ευλαβεις,
999 2262 1054 2306 cf.
1092 2262 1160 2314 II,
1195 2263 1220 2305 5
1254 2281 1262 2306 :
1300 2263 1339 2306 si
1374 2261 1625 2306 christiani
1658 2261 1880 2311 fuissent,
1916 2260 2071 2305 Lucas
2105 2276 2219 2305 sane

178 2331 379 2375 dixisset
401 2337 598 2385 αδελφοις
632 2338 869 2388 praeterea
902 2332 1155 2376 christiani
1189 2332 1396 2388 dispersi
1428 2332 1656 2386 fuerant),
1681 2331 1816 2374 illum
1842 2343 2154 2375 CURAVERUNT
2187 2332 2217 2375 i.

178 2416 217 2446 e.
257 2402 402 2445 funus
436 2401 539 2457 ejus
572 2408 864 2446 curaverunt
898 2420 907 2445 z
942 2420 1220 2455 συνεκομισαν,
1266 2403 1460 2458 proprie
1501 2401 1702 2446 cadaver
1742 2401 2014 2452 emtulerzmt,
2054 2415 2116 2445 sc.
2159 2403 2219 2446 ad

180 2470 522 2527 sepeliendum,
545 2469 604 2514 ad
631 2470 896 2527 sepulturae
921 2471 1079 2516 locum
1109 2472 1211 2528 (qui
1235 2478 1338 2516 erat
1361 2479 1495 2515 extra
1527 2471 1808 2524 civitatem).
1837 2470 1964 2514 Sunt
1989 2472 2070 2527 qui
2096 2471 2220 2516 hanc

181 2540 277 2584 vim
311 2539 456 2583 verbo
489 2554 647 2596 graeco
681 2539 899 2585 tribuant
932 2560 941 2584 :
977 2555 1262 2597 componere
1295 2547 1343 2585 et
1376 2556 1651 2597 praeparare
1691 2546 1937 2584 mortuum
1969 2540 2030 2584 ad
2063 2542 2219 2597 sepul-

181 2615 359 2653 turam.

238 2679 280 2721 4.
331 2677 502 2722 IGITUR
550 2698 559 2723 :
609 2677 712 2723 haec
759 2679 998 2735 particula
1040 2680 1320 2731 orationem,
1365 2694 1450 2736 per
1496 2679 1825 2735 parenthesim
1880 2679 2219 2735 interruptam,

180 2746 394 2790 resumit.
435 2771 491 2777 —
532 2747 965 2791 EVANGELIZANTES.
1005 2748 1080 2792 En
1119 2749 1358 2806 quomodo
1397 2749 1526 2792 Deus
1568 2749 1746 2792 bonum
1781 2763 1838 2791 ex
1872 2748 1995 2791 malo
2033 2749 2213 2792 eliciat!

179 2815 329 2861 Docet
360 2831 448 2862 nos
481 2817 682 2862 historia
720 2819 1041 2863 ecclesiastica
1089 2820 1452 2876 persecutiones
1497 2819 1725 2862 omnibus
1770 2825 1901 2862 retro
1944 2819 2121 2862 seculis
2168 2820 2218 2863 in

177 2888 529 2931 incrementum
554 2886 780 2932 Ecclesiae
806 2889 1010 2933 cessisse
1035 2906 1045 2934 ς
1074 2888 1262 2933 Crescit
1296 2890 1440 2940 enim,
1474 2896 1531 2933 ut
1562 2890 1630 2932 ait
1662 2894 1802 2933 vetus
1836 2887 2050 2940 effatum,
2073 2889 2217 2932 rebus

177 2954 394 2999 adversis
436 2956 619 3012 agitata
663 2957 856 3010 virtus;
905 2965 954 3002 et
999 2958 1210 3015 Sanquis
1254 2962 1515 3015 martyrum
1562 2973 1712 3002 semen
1749 2959 1809 3014 fit
1856 2957 2216 3002 christianorum

181 3023 364 3078 (Tem).
433 3073 440 3079 ,

238 3095 280 3138 5.
308 3096 583 3152 Antequam
618 3095 774 3141 Lucas
806 3097 1062 3154 gentilium
1095 3103 1258 3142 narret
1295 3097 1659 3142 conversionem
1683 3097 1740 3150 (c.
1764 3096 1844 3150 X),
1866 3102 1978 3152 apte
2003 3097 2216 3141 ostendit

178 3163 322 3209 fidem
348 3164 663 3209 Samaritanis
691 3165 858 3220 (VIII,
885 3168 1007 3222 5-25)
1043 3175 1091 3212 et
1126 3168 1384 3224 proselytis
1420 3167 1593 3221 (VIII,
1617 3166 1673 3210 26
1695 3167 1804 3223 sq.),
1831 3167 1913 3223 qui
1944 3166 2086 3211 ambo
2121 3181 2215 3210 me·

179 3234 314 3278 dium
353 3234 607 3291 quemdam
648 3236 804 3280 locum
838 3236 869 3281 J
876 3236 1035 3282 udaeos
1067 3237 1194 3282 inter
1229 3243 1277 3281 et
1308 3237 1524 3281 ethnicos
1559 3238 1870 3294 occupabant,
1905 3236 2212 3293 praedicatam

113 3352 117 3355 ,
180 3303 342 3347 fuisse.
377 3303 573 3346 Pontem
602 3305 742 3361 quasi
765 3305 827 3349 ad
852 3306 1115 3351 transitum
1154 3305 1485 3356 efformabant,
1525 3313 1629 3349 tum
1668 3305 1972 3357 Samaritani,
2005 3319 2211 3362 quorum

181 3372 349 3428 religio
382 3387 438 3416 ex
476 3373 724 3419 elementis
745 3375 952 3433 judaicis
976 3382 1024 3421 et
1048 3377 1256 3421 ethnicis
1283 3382 1386 3420 erat
1410 3376 1627 3427 conflata,
1663 3391 1812 3433 quum
1843 3376 2091 3432 proselyti,
2131 3376 2214 3432 qui

181 3441 242 3486 ad
273 3441 553 3499 religionem
587 3445 830 3502 judaicam
872 3447 1070 3504 propius
1108 3446 1412 3499 accedebant,
1443 3445 1528 3490 sed
1560 3445 1620 3490 ad
1657 3446 1819 3502 ipsum
1857 3445 1944 3490 Dei
1980 3446 2211 3502 populum

181 3511 399 3557 nondum
430 3513 753 3567 pertinebant.

245 3581 500 3627 Pmmrrus
521 3583 764 3638 diaconus,
787 3600 883 3630 non
909 3586 1161 3644 Philippus
1194 3586 1457 3642 apostolus,
1490 3600 1600 3630 nam
1633 3585 1837 3642 apostoli
1865 3583 2208 3639 Hierosolymis
