2430 4030
644 293 709 329 Dm
753 293 1018 331 SUPPLIGIO
1058 295 1417 333 LArmAmoms
1455 299 1592 335 APUD
1628 301 1849 338 JUDAEOS.
2160 289 2262 339 281

305 425 602 478 Conclusio,
647 426 833 495 Igitur
858 432 1092 497 utraque
1121 432 1396 483 sententia
1427 448 1521 483 sua
1549 433 1718 485 habet
1755 441 2083 502 argumenta
2115 454 2264 489 suas-

231 530 338 582 que
384 511 756 563 difficultates.
803 511 861 563 Si
907 513 1024 564 loca
1062 516 1267 567 veteris
1309 517 1647 569 Testamenti
1684 519 2055 587 inspiciamus,
2103 523 2266 591 longe

231 595 576 664 probabilius
619 596 781 646 nobis
826 595 1048 648 videtur
1073 598 1252 666 ipsum
1284 599 1460 650 Deum
1498 601 1849 669 apparuisse:
1892 610 2265 656 verumtamen

231 681 286 730 in
318 696 461 730 novo
489 678 847 729 Testamento
876 679 1020 730 haud
1049 699 1220 749 pauca
1249 687 1379 732 sunt
1410 700 1546 752 quae,
1576 684 1622 734 si
1662 701 1827 735 sensu
1858 685 2019 737 obvio
2047 704 2263 738 suman-

239 769 345 826 tur,
382 761 544 813 alteri
583 762 863 813 sententia
901 763 1079 832 magis
1122 764 1329 816 favent.
1360 765 1754 835 'Unusquisque
1792 786 1910 819 eam
1948 769 2118 838 eligat
2145 770 2262 839 opi·

227 846 446 897 nionem
478 862 598 914 quae
629 844 734 896 sibi
764 844 941 913 magis
968 845 1234 897 arriserit.
2086 844 2094 850 ’

698 989 1240 1042 DISSERTAT
1272 990 1359 1042 [O
1424 992 1806 1044 TERTIA.

711 1116 771 1145 DE
804 1116 1040 1147 SUPPLIClO
1072 1117 1390 1148 LAPmAnoms
1424 1118 1547 1149 APUD
1578 1118 1776 1149 JUDAEOS.

926 1207 1023 1259 (Ad
1057 1208 1163 1252 Act.
1199 1209 1288 1265 Ap.
1326 1208 1443 1261 VII,
1479 1208 1571 1259 37).

300 1310 642 1378 Supplicium
698 1309 1051 1379 lapidationis
1095 1312 1604 1380 frequentissimum
1649 1317 1765 1363 erat
1808 1312 1951 1379 apud
1991 1311 2257 1363 Judaeos:

224 1397 294 1447 cf.
349 1397 507 1446 Deut.
559 1396 724 1459 XIII,
782 1398 876 1460 103
927 1396 1115 1462 XVII,
1167 1398 1223 1462 '73
1276 1400 1391 1450 Jos.
1444 1399 1579 1462 VII,
1625 1399 1721 1461 253
1769 1399 1968 1450 Joann.
2018 1396 2180 1457 VIII,
2213 1396 2261 1447 7.

227 1478 398 1529 Extra
450 1483 648 1542 castra,
706 1484 955 1547 tempore
1011 1498 1115 1549 quo
1158 1482 1423 1533 Israelitae
1476 1482 1532 1531 in
1578 1481 1712 1532 locis
1760 1479 1990 1530 desertis
2045 1478 2263 1546 AIrabiae

225 1563 591 1630 vagabantur,
632 1568 687 1613 et
724 1564 1079 1632 postmodum
1122 1571 1279 1616 extra
1322 1566 1577 1616 civitates
1624 1564 1932 1615 ducebatur
1959 1580 2100 1623 reus,
2134 1562 2262 1613 Lev.

226 1645 436 1708 XXIV,
480 1646 545 1696 14
575 1651 632 1697 et
661 1647 756 1710 23;
799 1647 962 1699 Num.
1002 1647 1126 1711 XV,
1158 1649 1256 1712 363
1300 1651 1328 1699 3
1360 1650 1498 1716 Reg.
1530 1648 1686 1707 XXI,
1721 1648 1811 1709 lO,
1847 1647 1970 1697 Act.
2000 1643 2134 1707 VII,
2165 1643 2260 1707 573

229 1747 337 1779 uno
366 1735 598 1797 excepto
629 1729 858 1780 crimine
887 1730 953 1781 de
982 1748 1086 1798 quo
1113 1731 1274 1782 Deut.
1299 1732 1486 1795 XXII,
1515 1733 1599 1782 21.
1626 1731 1816 1781 Testes
1845 1734 2026 1780 autem
2055 1727 2260 1795 primos

232 1811 286 1860 in
315 1829 436 1861 eum
467 1812 839 1880 projiciebant
868 1814 1109 1882 lapides:
1141 1815 1242 1865 hoc
1272 1832 1532 1883 expresse
1562 1813 1824 1864 statuitur
1850 1812 1906 1861 in
1935 1829 2062 1862 casu
2090 1810 2262 1861 idolo-

227 1894 420 1957 latriae,
455 1894 622 1946 Deut.
653 1895 818 1959 XIII,
849 1897 879 1946 9
910 1902 964 1947 et
991 1896 1180 1960 XVII,
1215 1899 1267 1961 73
1296 1898 1405 1948 imo
1434 1897 1704 1964 conjicere
1747 1897 1873 1946 licet
1901 1895 1954 1945 in
1984 1893 2101 1944 aliis
2129 1892 2264 1943 casi-

223 1976 327 2027 bus
369 1977 504 2028 illud
546 1978 708 2029 etiam
750 1979 955 2030 factum
996 1997 1141 2044 esse,
1183 1981 1251 2031 cf.
1297 1980 1423 2043 Act,
1455 1979 1589 2041 VII,
1618 1979 1710 2041 583
1743 1983 1906 2044 atque
1946 1975 2015 2026 ad
2056 1991 2262 2024 morem

220 2060 371 2111 illum
404 2062 678 2130 respicere
701 2081 915 2134 quoque
937 2064 1156 2116 videtur
1178 2066 1423 2117 Joannes
1446 2064 1611 2128 VIII,
1638 2063 1686 2115 7.
1712 2060 2060 2130 Praescriptio
2082 2063 2263 2110 autem

220 2144 314 2194 illa
339 2144 397 2194 in
428 2145 573 2196 hunc
603 2152 752 2197 certe
780 2147 943 2198 finem
984 2147 1094 2198 lata
1132 2147 1254 2211 fuit,
1297 2154 1376 2211 ut,
1420 2147 1514 2216 qui
1546 2146 1816 2215 judicium
1857 2145 1968 2195 suis
2010 2142 2260 2207 manibus

223 2233 412 2278 essent
459 2231 912 2293 consummaturi,
958 2249 987 2281 a
1017 2231 1153 2282 falso
1191 2232 1510 2283 testimonio
1539 2229 1768 2281 ferendo
1796 2227 1973 2295 magis
2001 2225 2258 2277 abhorre-

221 2317 362 2363 rent.
396 2312 527 2362 Post
557 2318 728 2364 testes
759 2315 1147 2382 lapidationem
1177 2316 1451 2385 pergebat
1480 2315 1767 2365 universus
1796 2312 2046 2380 populus.

289 2394 525 2445 Rabbini
557 2395 901 2448 Thalmudici
931 2399 1184 2467 sequenti
1215 2398 1375 2449 modo
1403 2397 1540 2447 illud
1570 2396 1892 2447 describunt
1928 2391 2258 2462 supplicium

217 2477 272 2527 in
318 2477 555 2542 Mishna,
585 2483 743 2531 tract.
776 2480 1109 2546 Sanhedrin,
1148 2481 1327 2532 Perek
1359 2482 1410 2534 6.
1440 2481 1607 2544 Reus,
1647 2480 1927 2549 inquiunt,
1971 2494 2038 2527 ex
2077 2474 2259 2542 aliquo

218 2561 357 2625 locO,
403 2580 455 2614 v.
499 2580 585 2630 gr.
631 2580 680 2615 e.
726 2564 1083 2617 contabulato
1131 2565 1265 2617 satis
1294 2566 1427 2630 alto,
1467 2566 1535 2616 ab
1566 2583 1674 2617 uno
1718 2564 1945 2616 testium
1971 2559 2260 2630 projicitur

218 2662 316 2695 seu
362 2643 699 2710 detruditur,
743 2666 939 2717 nempe
985 2650 1063 2699 ita
1091 2649 1236 2699 utin
1284 2650 1499 2700 lumbos
1539 2649 1697 2701 cadat
1726 2666 1889 2716 super
1929 2646 2257 2699 submissum

218 2728 460 2796 lapidem
489 2731 727 2800 aliquem
756 2733 1064 2800 ingentem.
1099 2732 1158 2785 Si
1184 2732 1363 2785 adhuc
1408 2734 1556 2785 vivat
1610 2733 1780 2802 (quod
1823 2736 1972 2783 certe
2018 2731 2255 2799 plerum-

218 2829 324 2880 que
349 2812 563 2880 fiebat),
614 2815 752 2866 alter
800 2816 1027 2866 testium
1068 2817 1214 2867 tollit
1259 2834 1518 2885 magnum
1569 2817 1719 2867 illum
1750 2815 1984 2884 lapidem
2012 2814 2068 2865 in
2099 2831 2258 2882 quem

215 2912 341 2946 reus
370 2896 646 2965 projectus
678 2903 779 2961 est,
812 2916 1045 2967 eumque
1075 2900 1128 2950 in
1150 2904 1342 2968 pectus
1371 2899 1487 2968 ejus
1518 2899 1628 2951 dat.
1662 2898 1921 2961 Tandem,
1946 2897 1992 2949 si
2023 2897 2257 2948 animam

214 2977 459 3029 nondum
503 2980 785 3043 efflaverit,
832 2981 900 3031 ab
945 2981 1202 3034 universo
1250 2983 1454 3050 populo
1502 2981 1779 3051 lapidatur
1835 2980 1925 3047 (cf.
1983 2979 2134 3030 Beel.
2187 2977 2257 3028 ad

217 3062 343 3113 Act.
396 3061 530 3126 VII,
587 3063 702 3130 60).
761 3062 939 3131 Hujus
986 3068 1168 3115 autem
1225 3065 1303 3116 rei
1353 3066 1564 3115 nullum
1617 3063 1879 3115 indicium
1936 3065 2145 3112 certum
2197 3060 2255 3110 in

215 3161 259 3195 s,
308 3143 594 3212 Scriptura
635 3145 928 3213 reperitur,
977 3145 1209 3215 ideoque
1252 3165 1282 3197 a
1320 3147 1570 3215 pluribus
1613 3144 1929 3196 auctoribus
1974 3148 2254 3211 tamquam

216 3233 585 3278 commentum
630 3227 899 3278 habetur:
951 3227 1048 3278 sed
1092 3246 1202 3279 non
1230 3228 1390 3280 video
1431 3228 1699 3279 rationem
1729 3226 1866 3278 hanc
1896 3224 2254 3276 sufficientem

213 3326 332 3360 esse
363 3314 423 3359 ut
452 3309 676 3361 traditio
706 3311 799 3361 illa
827 3310 1135 3379 respuenda
1163 3312 1252 3364 sit,

287 3390 478 3454 Porr0,
531 3396 658 3458 post
709 3391 916 3441 illatam
972 3398 1223 3455 mortem,
1285 3393 1516 3444 cadaver
1570 3392 1672 3443 sub
1724 3390 1943 3459 ingenti
1997 3406 2254 3440 saxorum

214 3491 428 3536 acerv0,
475 3473 565 3524 cui
611 3492 735 3524 cum
785 3474 1046 3525 transiret
1095 3475 1275 3543 quivis
1329 3474 1565 3543 lapidem
1619 3473 1914 3542 adjiciebat
1960 3471 2014 3522 in
2068 3470 2252 3521 odium

215 3556 477 3619 criminiS,
504 3556 824 3623 ignominiae
853 3574 1015 3608 causa
1047 3558 1327 3626 sepultum
1357 3556 1682 3626 quandoque
1714 3555 1999 3626 manebat:
2031 3553 2102 3604 cf.
2132 3553 2248 3604 JOS.

219 3638 353 3702 VII,
385 3639 470 3690 26.
