2430 4030
1212 13 1218 22 ,
1277 0 1315 19 <⁷5
1335 0 1394 24 φῖ,
1411 0 1455 20 >v
1474 14 1478 18 .
1495 0 1535 20 :³1
1643 3 1685 23 ηις
1735 5 1770 15 .·‹
1787 5 1809 13 Δ.
1834 7 1839 17 -.
1891 7 1934 23 .-.⁴
1959 9 1991 22 .,
2010 3 2072 16 .
2100 3 2123 7 -·

1351 18 1366 30 κ’)
1403 19 1413 23 ··
1442 21 1446 26 ·
1624 21 1649 31 ⁴·
1712 19 1767 28 ··-
1814 19 1853 35 ’-”.
1913 21 1926 36 :-
1948 24 1959 25 ‘⁷

226 290 289 340 12
708 300 1057 337 INTRODUCTIO
1097 300 1152 334 m
1191 298 1353 336 Ao'rus
1394 298 1788 335 APOSTOLORUM.

225 436 419 487 Saulus
467 435 902 503 Hierosolymam
952 452 1074 484 cum
1122 431 1485 500 eleemosynis
1534 432 1833 483 mittuntur
1883 430 1981 498 (l).
2025 460 2090 469 —-
2136 429 2267 498 Cap.

220 520 354 571 XII.
386 519 634 570 Herodes
666 519 914 587 Agrippa
953 517 1279 568 christianos
1320 521 1484 568 vexat
1515 537 1525 568 :
1559 516 1919 585 quojubente
1949 532 1991 566 S.
2024 514 2269 566 Jacobus

220 602 527 665 occiditur3
574 620 616 654 s.
665 602 860 652 Petrus
900 602 956 651 in
998 618 1271 652 carcerem
1314 598 1622 667 conjicitur,
1668 599 1764 650 sed
1811 616 1907 667 per
1949 597 2269 649 miraculum

219 685 502 737 liberatur.

250 770 434 819 -PARs
487 785 792 820 Pos‘fflmoa.
840 767 964 818 Jam
1005 772 1161 818 extra
1205 766 1473 826 Judaeam‚
1520 766 1666 817 inter
1713 766 1969 834 gentileS,
2022 765 2270 816 Ecclesia

217 859 571 921 propagatur,
642 852 873 902 maxime
936 869 1036 918 per
1103 850 1258 900 Pauli
1325 850 1774 917 praedicationem
1845 871 1855 900 z
1917 868 2034 918 cap.
2096 848 2268 899 XIII-

218 935 493 987 XXVIII.
549 935 665 1000 Qua
717 935 928 985 ratione
983 938 1163 984 autem
1211 933 1323 984 haec
1372 951 1402 982 a
1450 951 1492 983 s.
1545 932 1692 983 Luca
1742 932 1995 1000 exposita
2047 932 2269 995 fuerint,

220 1018 442 1069 docebit
487 1017 646 1085 hujus
692 1017 863 1085 partis
910 1016 1225 1084 descriptio,
1275 1033 1370 1065 seu
1418 1015 1659 1082 analysis
1689 1032 1945 1083 sequens.

296 1101 421 1170 Cap.
453 1101 619 1152 XIII.
655 1101 707 1151 S.
742 1100 961 1160 Paulus,
992 1099 1300 1149 Barnabam
1343 1116 1527 1149 secum
1569 1117 1869 1161 assumens,
1900 1098 2136 1166 primum
2166 1096 2272 1147 iter

219 1184 577 1252 apostolicum
630 1183 876 1251 suscipit.
926 1181 990 1231 In
1047 1181 1284 1249 Cyprum
1341 1182 1588 1248 navigat,
1644 1181 1739 1231 ubi
1797 1198 1990 1248 magus
2045 1178 2270 1245 Barjesu

221 1268 290 1318 ob
338 1266 736 1317 contumaciam
785 1265 990 1314 lumine
1035 1263 1315 1314 oculorum
1362 1264 1620 1325 orbatur;
1676 1262 1863 1331 pergit
1920 1260 2270 1312 Antiochiam

222 1350 460 1412 Pisidiae,
509 1349 692 1417 ibique
742 1348 1021 1399 Christum
1064 1347 1381 1397 doctissime
1421 1347 1639 1397 nuntiat
1679 1346 1912 1408 Judaeis,
1956 1345 2045 1413 qui
2089 1349 2271 1394 tamen

221 1436 270 1485 ei
310 1435 577 1484 resistunt
617 1439 780 1502 atque
824 1433 1086 1483 adversus
1130 1451 1252 1483 eum
1296 1433 1484 1483 turbas
1525 1433 1786 1483 efficiunt.
1829 1460 1895 1470 —-
1942 1431 2071 1498 Gap.
2113 1428 2272 1481 XIV.

221 1516 352 1567 Ideo
417 1517 694 1584 profectus
764 1516 1010 1566 Iconium
1067 1522 1121 1566 et
1174 1514 1372 1566 deinde
1444 1516 1689 1583 Lystras,
1757 1516 1909 1583 prius
1976 1513 2274 1564 honorifice

221 1600 492 1667 excipitur
545 1605 826 1667 tamquam
884 1600 1036 1661 deus,
1092 1617 1300 1659 verum,
1356 1599 1518 1666 paulo
1573 1606 1698 1666 post
1755 1597 2045 1665 lapidatur.
2106 1596 2275 1647 Morti

222 1683 315 1733 vix
342 1687 581 1750 ereptus,
611 1682 757 1732 redit
790 1682 1139 1733 Antiochiam
1174 1681 1366 1750 Syriae.
1399 1710 1461 1717 —
1498 1680 1628 1749 Cap.
1671 1680 1795 1731 XV.
1837 1680 2274 1748 Hierosolymam

224 1765 462 1815 mittitur
488 1764 557 1814 ad
586 1766 1013 1816 controversiam
1049 1764 1115 1814 de
1146 1765 1266 1830 lege
1298 1763 1536 1814 Mosaica
1579 1763 1955 1813 dirimendam.
2002 1762 2272 1830 Apostoli,

223 1847 279 1897 in
323 1847 616 1898 concilium
663 1847 1008 1914 congregati,
1062 1847 1331 1897 definiunt
1377 1846 1574 1914 jugum
1630 1847 1789 1897 istius
1838 1846 1977 1914 legis
2026 1845 2272 1896 ethnico-

224 1930 535 1981 christianis
575 1929 967 1998 imponendum
999 1947 1106 1979 non
1137 1947 1275 1979 esse.
1307 1928 1465 1992 Quod
1493 1929 1713 1996 quidem
1757 1929 2036 1980 decretum
2084 1928 2274 1979 Antio-

223 2014 398 2064 chiam
429 2032 551 2064 cum
581 2013 870 2064 detulisset
914 2013 1130 2074 Paulus,
1171 2012 1497 2080 aggreditur
1539 2013 1606 2061 2⁰²
1634 2013 1739 2062 iter
1768 2012 2164 2080 evangelicum.
2206 2040 2272 2050 —

227 2097 356 2165 Cap.
387 2095 543 2147 XVI.
578 2098 679 2147 Per
712 2095 1204 2146 Asiam-Minorem
1235 2096 1288 2144 in
1321 2095 1718 2156 Macedoniam,
1770 2095 1975 2146 visione
2015 2095 2275 2158 monitus,

225 2180 446 2247 trajicit.
498 2177 766 2247 Philippis
820 2178 1199 2246 pythonissam
1247 2196 1276 2227 a
1325 2177 1570 2229 daemone
1624 2177 1822 2228 liberat
1878 2199 1887 2229 :
1946 2179 2175 2247 ideoque
2224 2183 2279 2228 et

224 2264 397 2330 virgis
425 2262 673 2323 caeditur,
716 2268 771 2312 et
807 2263 863 2311 in
904 2279 1175 2312 carcerem
1206 2260 1478 2322 mittitur,
1523 2277 1590 2310 ex
1634 2278 1740 2329 quo
1783 2267 1964 2312 tamen
1993 2280 2089 2330 per
2120 2268 2280 2313 terrae

226 2355 431 2396 motum
463 2346 783 2396 mirabiliter
813 2345 1094 2395 liberatur.
1141 2373 1203 2379 —
1247 2342 1378 2411 Cap.
1421 2342 1611 2394 XVII.
1656 2343 2017 2412 Progreditur
2046 2344 2278 2395 Thessa-

225 2429 456 2479 lonicam
499 2436 553 2478 et
596 2429 841 2478 Beroeam
891 2448 900 2478 :
944 2446 1011 2477 ex
1054 2432 1284 2495 utraque
1325 2431 1508 2476 autem
1551 2426 1687 2477 urbe
1729 2428 1938 2495 ejectus
1979 2447 2008 2477 a
2048 2427 2278 2491 Judaeis,

226 2514 382 2566 venit
437 2514 701 2575 Athenae,
759 2514 810 2562 in
866 2511 1019 2580 cujus
1075 2529 1368 2580 areopagO,
1426 2529 1520 2562 seu
1572 2529 1755 2580 campo
1810 2512 2028 2575 Martie,
2092 2531 2278 2564 verum

230 2597 404 2647 Deum
452 2597 675 2664 egregie
732 2588 968 2647 nuntiat.
1019 2620 1077 2632 .....
1129 2595 1258 2663 Cap.
1314 2593 1533 2646 XVIII.
1589 2595 1778 2664 Pergit
1822 2596 1891 2647 ad
1941 2594 2277 2658 Corinthios,

230 2679 426 2749 quibus
483 2680 653 2730 multo
719 2697 841 2730 cum
905 2679 1085 2730 fructu
1151 2697 1247 2747 per
1312 2678 1700 2746 sesquiannum
1767 2679 1930 2729 fidem
1994 2679 2276 2747 praedicat,

225 2762 429 2812 frustra
481 2766 767 2812 accusatus
832 2761 976 2829 apud
1043 2760 1366 2811 Gallionem.
1437 2760 1636 2811 Postea
1703 2760 1981 2830 Ephesum
2040 2761 2277 2830 indeque

228 2843 579 2895 Antiochiam
607 2843 920 2895 revertitur.
951 2842 1194 2893 Tertium
1217 2843 1331 2911 jam
1359 2842 1464 2892 iter
1494 2841 1786 2910 Evangelii
1814 2861 1975 2893 causa
2015 2843 2276 2894 instituit.

232 2954 293 2962 —
342 2925 471 2994 Cap.
519 2925 674 2976 XIX.
725 2925 946 2993 Ephesi,
990 2931 1084 2976 aut
1129 2925 1184 2975 in
1228 2925 1362 2976 locis
1409 2925 1620 2987 vicinis,
1664 2943 1760 2993 per
1799 2926 2082 2976 biennium
2125 2943 2278 2976 sacro

226 3008 475 3076 fungitur
540 3008 869 3076 apostolatu,
939 3008 1131 3070 donec,
1200 3007 1472 3058 seditione
1526 3026 1558 3057 a
1614 3007 1897 3059 Demetrio
1965 3008 2280 3073 argentario

227 3091 482 3154 excitata,
523 3091 673 3142 abire
713 3097 961 3158 cogatur.
998 3121 1061 3126 —
1094 3089 1224 3158 Cap.
1255 3089 1377 3140 XX.
1415 3091 1544 3141 Post
1573 3090 1748 3142 varias
1777 3090 2279 3158 peregrinationes,

229 3175 436 3225 Troade
502 3175 810 3244 Eutychum
864 3194 892 3225 e
945 3175 1201 3225 fenestris
1266 3174 1549 3241 delapsum
1613 3176 1744 3226 vitae
1807 3173 2010 3225 reddit.
2086 3173 2279 3233 Mileti,

230 3259 511 3327 episcopos
559 3260 1040 3327 presbyterosque,
1098 3258 1316 3326 Epheso
1370 3258 1686 3320 accersitos,
1735 3275 2048 3325 supremum
2101 3256 2281 3308 valere

293 3382 354 3437 (1)
389 3382 546 3438 Quum
585 3382 780 3425 ecclesia
826 3383 1139 3433 Antiochensi,
1176 3382 1226 3424 in
1266 3381 1421 3437 Syria,
1465 3394 1519 3422 ex
1558 3379 2054 3424 ethnico-christianis
2080 3393 2280 3435 praeser-

233 3455 322 3499 tim
368 3454 631 3510 composita
676 3462 819 3504 esset,
857 3455 959 3498 haec
997 3455 1057 3498 ad
1098 3463 1442 3510 argumentum
1477 3452 1631 3508 partis
1668 3452 1949 3507 posterioris
1987 3451 2086 3509 jam
2134 3452 2280 3508 perti·

233 3534 377 3571 nent:
420 3526 544 3570 unde
585 3526 778 3570 videtur
817 3525 1100 3570 divisionem
1144 3525 1275 3567 illam
1307 3524 1366 3568 ab
1403 3528 1602 3567 auctore
1635 3523 1804 3567 stricte
1836 3522 2143 3567 observatam
2181 3537 2279 3568 non
2355 3564 2359 3567 ,

233 3597 394 3648 fuisse,
417 3609 622 3652 eumque
643 3593 704 3638 ad
728 3594 977 3638 materiam
1001 3592 1199 3638 alterius
1225 3592 1376 3649 partis
1404 3591 1640 3648 paulatim
1661 3591 1939 3636 accessisse.

2421 376 2430 514 ‚2
