2430 4030
270 296 338 346 84
824 311 985 346 Ao'rus
1026 310 1418 359 APOS'POLORUM,
1459 295 1527 359 V,
1574 298 1759 348 12-42.

266 445 567 514 praedicare
601 445 736 512 (40).
767 445 905 497 Laeti
933 446 1140 498 abeunt
1171 447 1426 516 quoniam
1457 447 1614 516 digni
1654 447 1831 498 habiti
1871 452 2000 499 sunt
2043 464 2141 515 pro
2181 445 2317 497 Jesu

265 528 654 580 contumeliam
683 529 799 597 pati
833 527 968 596 (41),
999 547 1098 580 nec
1127 531 1297 581 vetito
1326 530 1709 600 obsequuntur
1741 530 1875 597 (42).

188 671 239 709 12
336 670 368 707 ³¹<
416 667 518 718 Per
561 684 752 718 manus
798 672 981 718 autem
1029 667 1417 736 Apostolorum
1475 668 1685 720 fiebant
1733 668 1913 737 signa,
1960 672 2016 718 et
2060 665 2320 737 prodigia

263 749 434 801 multa
460 750 515 800 in
544 750 723 819 plebe.
755 750 828 800 Et
855 757 1013 802 erant
1052 750 1384 802 unanimiter
1422 769 1613 802 omnes
1643 752 1697 802 in
1728 751 1946 818 porticu
1990 750 2317 804 Salomonis.

188 839 240 877 13
266 836 297 873 *
328 832 645 886 Ceterorum
674 842 855 885 autem
887 852 1045 885 nemo
1074 834 1315 884 audebat
1344 851 1402 884 se
1432 834 1772 903 conjungere
1802 835 1909 886 illis
1934 855 1944 886 :
1978 834 2075 886 sed
2105 834 2316 904 magni-

189 921 242 960 14
264 914 463 966 ficabat
517 933 608 966 eos
662 916 915 984 populus.
962 920 994 956 ²¹<
1045 915 1223 984 Magis
1268 921 1451 967 autem
1505 918 1814 985 augebatur
1867 917 2209 969 credentium
2264 918 2317 968 in

189 1007 240 1046 15
270 998 503 1050 Domino
532 999 827 1051 multitudo
867 1000 1103 1052 virorum
1134 1017 1195 1050 ac
1225 1000 1536 1064 mulierum,
1567 1003 1598 1040 >¹<
1631 1001 1709 1051 ita
1739 1007 1800 1051 ut
1830 1001 1883 1051 in
1913 1001 2120 1069 plateas
2160 1001 2318 1070 ejice-

265 1086 388 1133 rent
432 1081 696 1145 infirmOS,
746 1089 802 1134 et
851 1091 1120 1151 ponerent
1164 1083 1218 1133 in
1271 1082 1487 1145 lectulis
1530 1102 1591 1134 ac
1633 1084 1899 1152 grabatis,
1945 1091 2023 1145 ut,
2066 1084 2319 1135 veniente

267 1164 451 1228 Petro,
499 1166 690 1217 saltem
746 1165 941 1217 umbra
980 1166 1124 1216 illius
1164 1165 1532 1218 obumbraret
1587 1184 1917 1236 quemquam
1974 1167 2209 1231 illorum,
2263 1173 2320 1218 et

189 1260 243 1301 16
264 1246 631 1299 liberarentur
660 1248 728 1298 ab
759 1248 1171 1299 infirmitatibus
1201 1248 1331 1300 suis.
1365 1252 1397 1289 >k
1430 1248 1806 1300 Concurrebat
1833 1254 2016 1300 autem
2046 1255 2102 1300 et
2133 1250 2317 1301 multi-

265 1330 399 1382 tudo
429 1332 729 1383 vicinarum
769 1332 1053 1384 civitatum
1097 1331 1423 1396 Jerusalem,
1456 1333 1748 1384 afferentes
1779 1351 1976 1402 aegros,
2008 1339 2063 1384 et
2092 1338 2318 1385 vexatos

264 1432 296 1465 a
322 1414 609 1482 spiritibus
641 1414 934 1465 immundis
965 1436 974 1466 ε
1007 1415 1100 1483 qui
1128 1414 1462 1466 curabantur
1499 1434 1709 1468 omnes.

327 1637 397 1680 12.
432 1637 525 1681 Hic
553 1652 764 1688 rursum,
786 1639 1192 1694 quemadmodum
1220 1639 1286 1692 11,
1310 1641 1367 1683 43
1391 1654 1477 1697 sq.,
1502 1641 1591 1693 1V,
1617 1641 1671 1683 32
1694 1655 1784 1698 sq,
1806 1640 2100 1696 interjicitur
2123 1654 2318 1697 genera-

266 1705 324 1749 lis
367 1707 587 1763 quaedam
629 1708 987 1751 animadversio
1028 1708 1085 1751 de
1127 1709 1239 1753 laeto
1277 1709 1506 1754 Ecclesiae
1547 1711 1861 1755 incremento.
1907 1710 2075 1754 OMNES
2110 1710 2319 1764 (ἅπαντες,

266 1789 407 1820 nemo
431 1775 665 1820 hactenus
693 1776 739 1819 id
764 1776 916 1820 facere
942 1778 1384 1832 praetermittebat),
1413 1784 1510 1823 tam
1538 1780 1743 1835 apostoli
1776 1794 1920 1837 quam
1954 1780 2134 1830 fideles,
2167 1791 2322 1822 ERANT

267 1857 569 1889 UNANIMITER
604 1852 709 1898 etc„
743 1850 1009 1899 ὁμοθυμαδον,
1043 1862 1137 1890 uno
1171 1847 1330 1891 animo
1356 1849 1708 1893 conveniebant
1730 1849 1791 1892 ad
1813 1849 2066 1905 templum,
2092 1850 2142 1892 in
2165 1849 2322 1893 locum

266 1916 470 1959 maxime
494 1916 757 1972 publicum,
787 1916 935 1960 libere
959 1923 1007 1960 et
1029 1916 1150 1960 nihil
1178 1917 1425 1970 timentes,
1450 1923 1708 1975 propterea
1730 1919 1859 1976 quod
1894 1918 2100 1977 populus
2133 1924 2320 1974 aposto·

265 1986 336 2030 los
370 1986 580 2030 multum
614 1986 947 2030 venerabatur.
986 1986 1042 2029 IN
1075 1999 1272 2031 Poimen
1310 1987 1584 2032 SALOMONIS
1613 1990 1759 2033 :vide
1793 2003 1940 2045 supra
1972 1988 2068 2041 III,
2103 1989 2171 2032 11.
2209 1987 2320 2032 Non

266 2055 611 2102 obliviscamur
634 2062 824 2112 oportet
848 2071 927 2101 eos
954 2071 1152 2113 vespere
1176 2058 1342 2102 solitos
1369 2058 1518 2102 fuisse
1543 2060 1800 2104 convenire
1822 2060 1952 2104 inter
1975 2073 2024 2103 se
2049 2059 2191 2110 solos,
2210 2073 2320 2102 cum
2382 2092 2398 2102 .,

267 2131 422 2171 coetus
451 2140 611 2170 sacros
638 2133 684 2170 et
709 2126 960 2181 liturgicos
989 2125 1287 2170 celebrarent
1314 2145 1323 2170 :
1350 2127 1458 2171 vide
1482 2127 1549 2180 ΙΙ,
1576 2127 1649 2174 16.

329 2197 397 2241 13.
431 2196 739 2247 CETERORUM,
777 2196 969 2240 illorum
1007 2196 1089 2252 qui
1129 2196 1272 2239 fidem
1315 2197 1530 2240 nondum
1574 2198 1780 2255 amplexi
1824 2204 1960 2242 erant
1999 2216 2010 2241 z
2051 2197 2195 2251 iidem
2237 2196 2320 2254 qui

268 2267 434 2313 statim
458 2266 687 2311 dicuntur
707 2267 920 2323 populus.
946 2267 1179 2311 AUDEBAT
1204 2280 1254 2311 sn
1282 2280 1583 2312 CONJUNGERE
1622 2282 1752 2322 1LL1s,
1778 2268 2080 2325 familiariter
2103 2262 2320 2322 ffiifchri-

268 2338 440 2384 stianis
480 2339 652 2392 (omnes
685 2352 730 2382 v.
770 2339 857 2393 12),
892 2352 1057 2382 eorum
1098 2338 1317 2382 societati
1359 2353 1443 2383 seu
1485 2341 1633 2384 coetui
1671 2355 1774 2384 sese
1808 2334 2096 2397 adjungere,
2119 2342 2324 2395 propter

267 2409 671 2454 existimationem
706 2422 931 2464 magnam
965 2407 1348 2465 (maqnificabat),
1382 2415 1433 2453 et
1463 2411 1806 2463 reverentiam,
1839 2418 1886 2454 et
1923 2414 2144 2454 sanctum
2185 2407 2323 2461 timo*

268 2494 385 2532 rem,
408 2478 582 2535 quibus
610 2479 654 2520 in
684 2491 761 2522 eos
787 2478 955 2522 affecta
980 2485 1083 2522 erat
1107 2479 1396 2523 multitudo.

328 2551 397 2593 14.
432 2549 525 2592 Hic
548 2548 815 2592 versiculus
839 2563 866 2592 a
891 2549 1058 2592 multis
1084 2549 1287 2592 liabetur
1312 2564 1398 2606 pro
1435 2550 1733 2607 parenthesi,
1764 2554 2016 2606 propterea.
2040 2547 2169 2605 quod
2194 2561 2242 2595 v.
2267 2547 2324 2590 15

269 2618 336 2664 ita
359 2621 409 2662 ut
431 2612 522 2662 etc.
548 2618 607 2661 ad
632 2633 673 2662 v.
700 2619 756 2661 13
780 2617 1083 2662 referendum
1107 2632 1211 2662 esse
1238 2625 1426 2675 putent.
1463 2619 1560 2664 Sed
1597 2633 1791 2664 necesse
1826 2632 1919 2662 non
1953 2624 2028 2662 est
2059 2617 2120 2661 ad
2152 2629 2321 2675 paren·

268 2690 446 2736 thesim
477 2704 725 2734 recurrere
761 2708 769 2733 :
801 2691 912 2746 quia
945 2691 1071 2733 enim
1106 2690 1310 2746 populus
1344 2690 1639 2735 christianos
1678 2697 1725 2735 et
1759 2689 1999 2747 imprimis
2042 2689 2323 2746 Apostolos,

267 2775 434 2806 eorum
472 2761 634 2813 duces,
674 2760 1031 2817 magnificabat,
1076 2761 1211 2805 facile
1255 2760 1580 2817 intelligimus
1627 2761 1930 2806 credentium
1973 2773 2231 2803 numerum
2270 2760 2322 2803 in

268 2833 370 2878 dies
393 2833 622 2887 crevisse;
647 2846 703 2876 ex
726 2838 932 2889 utroque
956 2837 1117 2876 autem
1139 2831 1319 2877 factum
1341 2832 1493 2876 fuisse
1518 2837 1577 2876 ut
1611 2833 1739 2877 fama
1771 2836 2035 2888 augeretur
2067 2830 2323 2886 Apostolo·
2377 2822 2417 2894 4,ζῖ

269 2919 393 2957 rum,
410 2909 458 2948 et
476 2905 749 2960 praesertim
779 2903 905 2946 Petri
928 2917 1095 2948 eorum
1121 2903 1354 2960 principis
1377 2917 1460 2948 seu
1485 2903 1813 2960 antesignani,
1839 2910 1988 2959 utque
2013 2901 2118 2946 ideo
2141 2899 2321 2944 infirmi
2384 2903 2395 2907 ”

271 2990 356 3032 per
379 2976 562 3033 plateas
585 2980 962 3030 exponerentur.

329 3046 401 3090 15.
436 3045 493 3088 IN
525 3057 723 3088 PLATEAS
756 3056 1010 3087 EJICERENT
1042 3055 1278 3096 1NF1RMos,
1306 3058 1378 3100 gr.
1408 3058 1492 3101 per
1523 3043 1714 3100 plateas
1737 3044 2020 3100 emponere‘nt.
2046 3064 2101 3071 —
2127 3039 2319 3084 Pmnoa

271 3116 350 3160 hic
390 3123 573 3160 ceteros
614 3114 860 3171 apostolos
903 3115 1082 3172 ubique
1121 3114 1383 3166 antecellit,
1424 3119 1595 3170 utpote
1641 3113 1871 3158 Ecclesiae
1915 3116 2074 3167 caput.
2131 3109 2324 3154 SALtrEM
2399 3128 2419 3158 χ

271 3197 437 3230 UMBRA
458 3204 467 3228 :
508 3184 661 3241 igitur
686 3191 740 3228 ut
764 3183 938 3228 Petrus
963 3198 1043 3229 eos
1073 3189 1298 3228 contactu
1321 3190 1406 3228 aut
1430 3183 1767 3228 benedictione
1791 3188 2000 3232 sanaret,
2041 3180 2118 3225 vel
2151 3179 2324 3224 saltem
2349 3209 2358 3216 ·
2400 3216 2403 3217 ⁷

271 3259 328 3299 ut
353 3253 523 3300 umbra
550 3253 653 3310 ejus
681 3267 829 3310 super
855 3267 934 3299 eos
962 3253 1212 3298 transiret.

333 3325 402 3369 16.
437 3325 508 3369 De
543 3324 845 3369 doemoniacis
881 3325 991 3371 vide
1027 3325 1198 3371 Gomm.
1231 3331 1380 3370 nostr.
1406 3340 1439 3369 s.
1461 3323 1632 3368 March.
1664 3325 1712 3367 3²²
1736 3323 1809 3368 ed.
1837 3337 1886 3379 p.
1912 3321 2124 3365 261-264.
2157 3319 2326 3364 Praeci-

270 3411 367 3454 pua
403 3395 635 3442 doctrinae
672 3401 852 3441 nostrae
891 3396 1050 3453 capita
1085 3400 1230 3440 sunt:
1275 3397 1317 3440 1⁰
1342 3395 1670 3440 daemoniacos
1711 3408 1739 3438 a
1775 3393 1954 3449 spiritu
1978 3405 2188 3449 nequam
2213 3403 2327 3436 vere

271 3480 519 3525 possessos
558 3466 734 3519 fuisse3
774 3469 819 3511 2⁰
866 3482 945 3513 eos
989 3468 1049 3512 ab
1086 3467 1309 3520 infirmis,
1351 3474 1433 3511 aut
1477 3466 1682 3523 aegrotis
1729 3463 2078 3521 cujuscumque
2113 3460 2325 3518 generis,
2387 3465 2410 3497 Σ»

270 3535 640 3594 distinguendos
677 3550 801 3590 esse5
839 3538 1061 3594 quamvis
1102 3538 1148 3581 3⁰
1186 3538 1279 3595 ipsi
1320 3537 1478 3582 varios
1523 3535 1735 3587 morbos,
1782 3541 1866 3579 aut
1911 3532 2084 3577 saltem
2127 3526 2323 3587 aliquod
2375 3530 2405 3597 {7

271 3609 451 3653 malum
472 3607 733 3664 corporale,
759 3607 904 3652 Simul
935 3612 1239 3664 Paterentum
1268 3607 1314 3652 4⁰
1346 3608 1551 3665 ideoque
1582 3606 1838 3652 Christum
1871 3603 1931 3648 de
1962 3600 2022 3646 iis
2056 3597 2322 3644 seeundum
2364 3599 2398 3632 -2'

2406 2176 2430 2302 Ξ
