2430 4030
216 307 281 357 16
688 321 1037 357 mraonuo'mo
1078 322 1135 356 m
1174 321 1335 358 Ac'rUs
1375 301 1768 357 ArosroLORUM.

1002 518 1029 585 ᾧ
1075 516 1124 566 8.
1174 516 1460 568 Veracitas.

284 669 525 735 Quaestio
573 670 639 722 de
681 671 979 724 veracitate
1030 691 1152 724 cum
1194 673 1479 724 authentia
1521 673 1712 723 intime
1758 673 2137 737 connectitur3
2184 675 2262 724 ita

211 759 290 816 ut,
347 754 443 804 hac
497 755 663 805 semel
717 754 1111 818 demonstrata,
1174 757 1265 807 illa
1318 756 1425 822 jam
1481 756 1713 806 multum
1768 755 2069 823 probabilis
2128 756 2260 819 fiat;

211 845 473 901 attamen,
518 839 710 889 stricte
753 839 1040 907 loquendo,
1085 840 1260 891 ambae
1287 841 1354 891 ab
1385 841 1615 891 invicem
1645 840 2081 907 distinguuntur.
2122 839 2260 890 Nam

211 922 339 989 poni
394 928 582 990 posset
638 923 838 974 Lucam
900 924 1300 991 evangelistam
1367 942 1558 975 revera
1617 942 1735 974 esse
1788 924 1914 974 libri
1965 929 2262 985 auctorem,

211 1003 308 1054 sed
347 1004 540 1054 falsum
573 1005 704 1074 quid
732 1007 787 1055 in
819 1025 881 1057 eo
910 1007 1226 1070 inseruisse,
1259 1008 1303 1057 si
1334 1026 1441 1057 non
1483 1007 1753 1067 consulto,
1786 1006 1978 1056 saltem
2011 1005 2261 1067 inscium,

212 1097 404 1139 contra
451 1108 599 1139 suam
645 1091 985 1141 voluntatem
1029 1092 1085 1141 in
1127 1110 1366 1141 errorem
1412 1091 1642 1159 lapsum.
1690 1091 1773 1142 Ob
1814 1090 1952 1141 hanc
1995 1090 2261 1140 rationem

212 1173 457 1241 quaedem
488 1172 554 1222 de
584 1173 883 1224 veracitate
914 1192 1161 1224 seorsum
1191 1180 1443 1241 spectata
1470 1174 1843 1242 adjungimus.

289 1257 338 1304 1⁰
393 1254 659 1305 Veracem
713 1274 770 1306 se
824 1257 1022 1323 probat
1075 1256 1369 1307 historicus
1429 1266 1635 1319 noster,
1693 1257 1777 1307 vel
1830 1256 1951 1324 ipso
2006 1253 2262 1304 narrandi

212 1338 372 1389 modo
404 1358 413 1389 :
446 1357 644 1405 magna
673 1339 816 1389 enim
847 1357 968 1390 cum
999 1340 1353 1407 simplicitate
1395 1340 1576 1390 omnia
1604 1339 1848 1407 exponit,
1877 1339 2012 1389 adeo
2042 1337 2262 1406 quidem

212 1433 290 1485 ut,
320 1441 441 1472 cum
473 1424 638 1473 vitam
667 1428 853 1471 narrat
896 1422 1067 1483 Pauli,
1100 1423 1352 1490 magistri
1393 1423 1495 1485 sui,
1541 1440 1834 1490 numquam
1873 1422 1989 1490 ejus
2028 1423 2262 1473 virtutes

212 1504 486 1573 animique
533 1506 901 1566 sanctitatem,
949 1518 1042 1554 aut
1090 1506 1469 1556 fortitudinem
1514 1506 1568 1555 in
1618 1506 1782 1555 rebus
1830 1505 2077 1555 adversis
2126 1503 2261 1553 tole-

213 1588 415 1651 randis,
469 1595 562 1639 aut
611 1589 868 1657 praeclara
916 1589 1175 1639 miracula
1231 1589 1627 1657 gloriabundus
1675 1589 1882 1639 efferat.
1940 1587 2083 1654 Quin
2133 1588 2262 1650 imo,

213 1672 406 1740 aequali
453 1673 773 1723 sinceritate
826 1678 983 1722 notat
1028 1673 1119 1722 illa
1167 1691 1287 1741 quae
1335 1691 1514 1724 causae
1569 1673 1740 1741 ipsius
1784 1673 1964 1722 minus
2012 1671 2201 1721 favent
2249 1691 2259 1721 z

211 1772 258 1805 v.
291 1773 374 1822 gr.
404 1773 522 1823 cap.
563 1754 838 1817 XXVIII,
870 1756 956 1817 24,
990 1756 1217 1822 loquens
1247 1755 1312 1805 de
1342 1755 1580 1805 assiduis
1609 1755 1725 1822 ejus
1755 1752 2260 1822 praedicationibus,

211 1839 440 1891 candide
488 1840 682 1891 scribit
730 1861 739 1891 :
799 1839 1031 1902 Quidam
1075 1839 1353 1890 credebant
1395 1840 1477 1891 his
1521 1859 1635 1908 quoe
1675 1839 2002 1902 dicebantur,
2043 1837 2264 1907 quidam

212 1941 330 1974 vero
367 1942 468 1975 ‘non
511 1924 808 1974 credebant.

284 2007 338 2056 20
383 2007 666 2058 Veracitas
710 2007 1067 2057 confirmatur
1115 2026 1182 2057 ex
1232 2026 1295 2059 eo
1343 2007 1486 2076 quod
1547 2007 1731 2057 omnia
1784 2007 1928 2057 facta
1980 2005 2261 2067 historica,

212 2090 375 2140 etiam
421 2090 629 2139 minimi
681 2081 965 2151 momenti,
1007 2107 1304 2157 omnesque
1351 2090 1755 2151 annotationes,
1803 2090 1967 2138 etiam
2010 2088 2260 2138 minutis·

213 2172 365 2223 simae
410 2172 516 2222 illae
558 2189 677 2239 quae
721 2171 900 2222 obiter
942 2171 1100 2235 fiunt,
1146 2173 1335 2222 miram
1379 2172 1616 2222 habeant
1656 2170 2102 2222 concordantiam
2139 2188 2262 2220 cum

214 2254 278 2303 iis
308 2271 428 2322 quae
458 2254 510 2303 in
542 2254 662 2303 aliis
691 2254 856 2304 certis
888 2254 1275 2316 monumentis,
1321 2253 1414 2304 ubi
1454 2253 1521 2304 de
1563 2254 1808 2304 moribus
1850 2259 1906 2303 et
1946 2252 2151 2315 usibus,
2194 2252 2263 2303 de

215 2337 438 2386 historia
496 2346 550 2387 et
597 2337 937 2404 geographia
988 2335 1232 2404 ejusdem
1283 2338 1544 2403 temporis
1599 2338 1801 2404 agitur,
1852 2336 2199 2403 reperiuntur
2248 2356 2259 2386 z

213 2435 298 2469 ex.
339 2438 423 2486 gr.
465 2420 611 2487 apud
653 2418 902 2469 Flavium
941 2419 1265 2486 Josephum,
1313 2419 1635 2469 historicum
1677 2419 1931 2470 Judaeum
1978 2418 2261 2486 aequalem.

217 2501 350 2551 Haec
391 2502 508 2551 fuse
553 2501 834 2563 describit,
876 2513 1038 2569 atque
1085 2501 1268 2551 multis
1311 2501 1562 2551 adductis
1608 2502 1871 2567 exemplis
1919 2501 2264 2551 demonstrat

215 2591 247 2626 ³¹<
291 2586 425 2637 Gal.
459 2587 649 2654 Pulegs
691 2588 743 2635 in
776 2588 889 2636 suis
920 2586 1080 2636 Horis
1112 2586 1381 2649 Paulinis,
1414 2604 1554 2654 quae,
1583 2605 1650 2636 cx
1679 2587 1897 2654 anglica
1924 2587 1979 2635 in
2009 2585 2260 2653 gallicam

214 2669 458 2737 linguam
488 2687 782 2729 conversae,
816 2669 1192 2719 inscribuntur
1223 2687 1233 2718 z
1265 2667 1346 2717 La
1374 2668 1541 2718 vc'rite'
1563 2667 1623 2718 dc
1654 2668 1914 2718 Z’hz'stoirc
1944 2667 2003 2717 de
2030 2687 2071 2718 s.
2103 2667 2261 2731 Paul,

206 2754 430 2822 prouvc‘e
462 2772 570 2821 par
611 2753 664 2802 Za
703 2754 1072 2821 comparaison,
1116 2752 1204 2801 des
1254 2752 1458 2819 &pitres
1497 2753 1588 2820 qui
1619 2757 1833 2820 portent
1860 2771 1953 2802 son
1982 2771 2104 2802 nom
2145 2770 2264 2801 avec

216 2835 287 2886 les
333 2840 485 2886 Actes
533 2835 619 2885 des
667 2835 889 2903 Apotres
938 2848 1041 2886 etc.
1095 2834 1247 2885 Paris
1290 2834 1447 2885 1821.
1497 2834 1640 2884 Vide
1688 2835 1851 2885 etiam
1895 2836 1962 2886 cl.
2015 2834 2260 2895 Glaire,

214 2918 577 2969 Introduction
623 2918 911 2986 his-torique
958 2921 1004 2967 ct
1051 2916 1272 2984 critique
1324 2935 1428 2966 aum
1478 2917 1635 2968 liores
1688 2915 1749 2967 de
1805 2916 2032 2967 Z'cmcien
2089 2922 2136 2966 ct
2189 2915 2264 2965 du

214 3021 453 3054 nouvcau,
485 3002 800 3052 Testamcnt.
833 3031 900 3040 —-
933 3001 1012 3053 Ol.
1044 3001 1127 3051 De
1163 3000 1486 3067 Valroqcr,
1514 2999 1884 3051 Introduction
1926 3019 1994 3050 αιι
2034 3017 2089 3051 η.
2122 2998 2260 3050 Test.

221 3087 337 3136 Par.
374 3086 528 3147 1861,
560 3102 608 3135 v.
643 3086 692 3146 2,
723 3102 776 3152 p.
807 3084 930 3135 518.
965 3112 1029 3122 --
1057 3082 1256 3133 Etudes
1285 3083 1434 3150 reliq.
1469 3095 1592 3146 etc„
1624 3082 1811 3134 Revue
1854 3083 1950 3133 des
1990 3081 2107 3132 RR.
2156 3081 2261 3132 PP.

215 3169 332 3220 JeS.
363 3168 429 3218 de
461 3169 630 3227 Paris,
661 3186 707 3216 a.
748 3167 901 3217 1862.

290 3251 343 3301 3⁰
409 3250 467 3300 Si
529 3249 780 3299 falsarius
834 3247 1075 3317 quidam,
1130 3247 1231 3298 sub
1287 3248 1552 3298 ementito
1611 3247 1832 3298 nomine
1890 3249 2068 3310 Lucae,
2124 3247 2262 3298 hanc

216 3332 496 3383 historiam
528 3349 623 3380 suo
663 3331 962 3381 fabricatus
1001 3331 1196 3381 fuisset
1236 3330 1480 3398 ingenio,
1521 3347 1629 3381 non
1670 3348 1801 3380 sane
1843 3331 2061 3382 heroem
2102 3348 2261 3381 suum

219 3415 444 3465 Paulum
472 3415 527 3463 in
558 3414 737 3464 medio
765 3415 1195 3482 praeclarissimae
1223 3414 1339 3482 ejus
1370 3413 1495 3465 vitae
1533 3413 1801 3464 curriculo
1842 3413 2259 3482 dereliquisset3

216 3516 316 3549 nec
369 3498 564 3548 seriem
618 3498 947 3548 narrationis
1010 3497 1339 3564 abrupisset,
1394 3514 1457 3547 eo
1510 3496 1630 3564 ipso
1686 3509 1961 3548 momento
2015 3514 2123 3566 quo
2175 3514 2262 3547 res

217 3590 390 3655 gestae
427 3583 599 3652 ipsius
637 3583 795 3636 factae
833 3582 1066 3634 fuissent
1105 3582 1452 3646 illustrioreS,
1497 3584 1781 3653 magisque
1820 3584 2063 3636 animum
2091 3585 2260 3637 lecto-
