2430 4030
407 383 604 420 pomus
646 383 677 418 n
715 380 909 426 Quietis
948 383 1106 420 mess
1146 385 1326 420 RERUM
1364 386 1614 424 No'rrriAM
1654 391 1955 428 DrfflvAvrr.
2132 379 2194 430 19

42 516 55 545 ·’·
92 507 96 510 ’
169 522 419 568 statuant
463 514 845 582 inspirationis
887 516 1107 566 modum
1154 534 1216 567 ac
1269 518 1600 588 terminum’3
1656 522 1854 590 quique
1898 541 1995 591 pro
2042 524 2193 575 libris

0 616 53 662 5,
169 598 450 650 historicis
495 597 602 649 tria
638 603 854 648 tantum
894 599 1181 666 postulent
1220 599 1313 649 illa
1359 621 1369 650 ε

16 698 18 702 “
247 684 300 734 1⁰
326 681 407 734 Ut
433 686 624 732 auctor
663 700 694 732 a
735 681 942 750 Spiritu
981 687 1168 732 sancto
1210 681 1276 732 ad
1317 683 1660 735 scribendum
1695 692 1868 737 motus
1895 687 1982 749 sit,
2010 694 2063 738 et
2091 706 2196 739 non

170 773 389 820 tantum
429 768 484 818 in
525 767 766 818 universi
808 768 988 835 operis
1028 768 1252 819 consilio
1279 775 1335 820 et
1363 777 1685 837 argumento
1714 774 1968 839 generali,
2010 773 2104 824 sed
2142 774 2197 824 in
2266 818 2275 826 ,

169 850 406 919 singulis
453 849 579 900 libri
627 850 912 918 partibus;
957 850 1295 919 proindeque
1340 857 1400 902 ut
1448 852 1562 903 haec
1607 853 1857 920 impulsio
1904 855 2084 906 divina
2130 855 2200 906 sit

171 933 313 985 ratio
366 949 534 1002 quare
589 932 706 983 haec
759 932 903 983 facta
955 933 1140 1000 potius
1194 951 1354 1001 quam
1407 934 1511 983 alia
1562 940 1744 985 narret
1805 941 1898 985 aut
1948 944 2197 1003 exponat.

173 1017 226 1066 2⁰
269 1013 351 1067 Ut,
395 1015 540 1064 inter
584 1013 941 1065 scribendum
985 1015 1052 1065 ab
1101 1014 1290 1066 eodem
1341 1015 1549 1083 Spiritu
1595 1017 1667 1066 sit
1713 1017 1984 1080 directus3
2032 1018 2200 1085 igitur

173 1104 234 1149 ut
274 1116 372 1166 per
408 1097 519 1148 vim
563 1114 854 1165 supernam
884 1096 1178 1148 inducatur
1221 1097 1288 1147 ad
1329 1098 1491 1148 talem
1533 1098 1774 1148 ordinem
1820 1100 2000 1166 potius
2043 1117 2200 1169 quam

174 1181 336 1232 alium
391 1180 447 1230 in
499 1179 665 1230 rebus
720 1179 1006 1230 narrandis
1067 1179 1415 1230 servandum.
1472 1180 1525 1230 3⁰
1577 1180 1656 1231 Ut
1707 1180 1774 1230 ab
1828 1181 1974 1232 omni
2024 1200 2202 1234 errore

173 1264 433 1316 immunis
475 1262 758 1314 reddatur.
810 1262 891 1314 Of.
940 1263 1046 1313 ILL.
1094 1262 1331 1324 BEELEN,
1384 1261 1580 1314 Oomm.
1630 1263 1683 1312 in
1730 1263 1840 1314 Act.
1882 1264 2016 1331 Ap.;
2063 1264 2200 1315 Prol.

177 1348 204 1417 ξ
251 1348 301 1398 6.
348 1347 433 1397 Ex
477 1344 652 1396 tribus
697 1345 803 1396 illis
845 1345 1091 1414 sequitur
1133 1363 1194 1396 ea
1236 1345 1302 1396 ab
1343 1351 1562 1395 auctore
1610 1363 1762 1395 sacro
1804 1346 2003 1413 scripta
2042 1346 2204 1398 fuisse

11 1436 67 1499 ²2}-
178 1447 300 1498 quae
350 1429 500 1479 Deus
551 1427 800 1490 voluerit,
855 1427 989 1478 adeo
1043 1427 1260 1496 quidem
1312 1434 1369 1477 ut
1417 1427 1555 1477 liber
1602 1426 1716 1494 ejus
1762 1445 1885 1478 vere
1931 1428 2206 1478 contineat

29 1509 39 1527 ³
177 1514 388 1567 verbum
431 1514 535 1564 Dei
578 1519 634 1563 et
670 1513 810 1562 nihil
851 1513 1017 1564 aliud.

251 1596 390 1648 Inde
419 1595 767 1647 concluditur
796 1613 1016 1646 necesse
1059 1614 1164 1646 non
1205 1612 1323 1646 esse
1367 1600 1422 1644 ut
1465 1611 1550 1643 res
1590 1594 1739 1660 ipsae,
1781 1611 1900 1661 quae
1927 1593 2207 1644 narrandae

180 1679 311 1743 sint,
365 1698 396 1729 a
451 1678 657 1747 Spiritu
699 1683 887 1728 sancto
928 1677 1238 1739 revelentur,
1295 1695 1470 1746 neque
1525 1682 1585 1726 ut
1637 1693 1823 1726 omnes
1875 1681 1929 1726 et
1980 1676 2208 1743 singulae

181 1763 474 1814 sententiae
519 1762 786 1812 divinitus
832 1767 1221 1829 suggerantur.
1278 1761 1459 1828 Igitur
1504 1767 1692 1809 auctor
1735 1776 1884 1808 sacer
1929 1764 2109 1825 potest
2156 1764 2209 1808 et

184 1845 351 1898 debet
404 1864 585 1897 rerum
641 1845 890 1896 notitiam
953 1863 1073 1894 cum
1128 1844 1413 1911 diligentia
1464 1859 1816 1908 comparare3
1879 1849 2038 1908 atque
2091 1840 2208 1890 ideo

183 1930 254 1982 ad
303 1930 526 1982 eosdem
577 1947 855 1980 recurrere
901 1929 1083 1979 fontes
1131 1946 1159 1978 e
1207 1927 1404 1995 quibus
1450 1925 1616 1976 ceteri
1662 1924 1902 1975 historici
1947 1924 2208 1974 factorum

185 2012 472 2064 scientiam
522 2012 740 2063 haurire
783 2011 960 2062 solent
1007 2032 1016 2061 ε
1065 2029 1183 2061 cum
1233 2010 1328 2060 hac
1378 2014 1555 2058 tamen
1610 2007 1840 2057 maxima
1892 2005 2208 2066 differentia,

186 2095 330 2164 quod
382 2096 440 2146 in
494 2093 847 2164 exquirendis
905 2093 1064 2144 factis
1133 2093 1367 2158 scriptor
1430 2102 1687 2138 θεοπνευστος
1753 2093 1859 2138 tam
1923 2086 2211 2137 efficienter

187 2177 374 2230 divino
403 2178 677 2246 dirigatur
705 2176 907 2239 afflatu,
949 2183 1008 2226 ut
1048 2193 1108 2225 ea
1150 2174 1329 2225 omnia
1357 2173 1562 2242 scribat
1602 2188 1721 2239 quae
1764 2170 1906 2220 Deus
1943 2168 1998 2217 in
2034 2171 2210 2216 mente

16 2270 120 2318 ἑ..
190 2262 462 2326 habuerit,
519 2267 688 2330 utque
735 2279 950 2329 semper
996 2277 1120 2311 vera
1164 2277 1193 2308 a
1239 2258 1388 2307 falsis
1434 2264 1697 2324 secernat,
1740 2270 1914 2321 neque
1961 2268 2210 2318 umquam

134 2332 138 2334 Ἴ
186 2346 243 2397 in
297 2363 537 2397 errorem
595 2345 828 2394 labatur.
885 2342 1246 2406 Quamobrem
1300 2340 1414 2389 fieri
1461 2343 1642 2406 potest
1688 2343 1747 2385 ut
1798 2335 1938 2384 Deus
1991 2331 2212 2382 notitias

135 2438 138 2440 ’
189 2429 448 2499 quasdam
479 2429 527 2479 ei
553 2427 831 2478 interdurn
873 2426 1185 2494 patefaciat,
1226 2424 1475 2473 nimirum
1520 2421 1958 2488 quotiescumque
1989 2416 2214 2464 humana

191 2512 482 2580 diligentia
530 2517 584 2562 et
637 2510 920 2578 indagatio
974 2507 1246 2558 sufficiens
1300 2524 1403 2555 non
1460 2511 1619 2554 esset.
1677 2500 1755 2551 Cf.
1811 2506 1992 2547 annot.
2047 2501 2213 2546 nostr.

190 2598 248 2648 in
290 2598 321 2648 2
362 2596 503 2648 Tim.
544 2595 655 2658 ΙΙΙ,
695 2595 780 2645 16.

165 2731 168 2734 ,
268 2677 582 2732 Secundum
611 2677 751 2727 hanc
779 2673 1111 2743 opinionem,
1157 2689 1276 2740 quae
1317 2668 1492 2720 verior
1522 2665 1755 2724 videtur,
1802 2677 2065 2730 quamque
2094 2673 2214 2724 pro-

190 2767 446 2833 pugnant
475 2759 787 2828 Gajetanus,
811 2757 885 2807 M.
912 2755 1110 2818 Canus,
1135 2751 1509 2811 Bellarm‘inus,
1540 2750 1601 2798 A.
1635 2744 1855 2812 Lapide,
1887 2738 2215 2800 Bonfrerius,

194 2855 249 2910 et
276 2845 611 2898 recentiores
639 2844 752 2894 fere
781 2859 986 2903 omnes,
1030 2844 1230 2907 praeter
1259 2836 1494 2886 divinam
1523 2827 1952 2897 inspirationem,
1990 2821 2220 2890 quifons

195 2936 282 2983 est
307 2931 474 2998 longe
503 2926 814 2999 praecipuus
861 2929 917 2974 et
962 2919 1312 2972 essentialiter
1357 2915 1663 2983 requisitus,
1706 2908 1903 2976 triplex
1947 2899 2219 2990 designari

194 3017 381 3084 potest
411 3011 544 3081 fons
586 2999 934 3061 secundarius
978 3023 1072 3055 seu
1115 3003 1400 3060 humanus,
1444 3015 1510 3047 ex
1552 3012 1656 3063 quo
1697 2993 1866 3042 Lucas
1894 3003 2016 3038 suas
2046 2985 2222 3034 hausit

197 3096 424 3150 notitias
466 3093 791 3146 historicas:
2149 3146 2157 3156 .

13 3226 19 3243 2
87 3229 97 3234 a.
150 3233 155 3236 ,
275 3179 326 3231 1⁰
353 3175 714 3247 Experientia
740 3173 913 3243 ipsius
941 3167 1176 3239 propria,
1206 3171 1279 3228 et,
1308 3164 1353 3215 si
1381 3163 1455 3212 ita
1484 3158 1631 3227 loqui
1658 3156 1738 3206 fas
1767 3158 1867 3213 est,
1893 3146 2218 3218 personalis:

14 3259 20 3274 '
113 3255 154 3269 ³
199 3262 371 3315 multa
409 3259 555 3313 enim
593 3258 754 3310 testis
800 3254 1047 3307 oculatus
1091 3257 1145 3301 et
1187 3247 1393 3298 auritus
1439 3244 1551 3311 ipse
1590 3238 1727 3290 vidit
1754 3241 1807 3286 et
1834 3231 2060 3291 audivit,
2103 3244 2221 3278 cum

79 3331 162 3402 ἦε.»
202 3331 431 3400 Paulum
459 3345 516 3396 in
543 3342 835 3395 itineribus
865 3337 1232 3394 comitaretur,
1262 3329 1389 3381 inde
1418 3346 1447 3377 a
1476 3342 1590 3392 cap.
1621 3318 1773 3382 XVI,
1807 3317 1887 3367 10.

154 3415 179 3431 ³
208 3419 210 3421 ’
274 3431 331 3482 2⁰
358 3427 589 3489 Notitiae
616 3445 646 3477 a
677 3424 862 3484 Paulo,
886 3436 1116 3490 quocum
1143 3415 1388 3466 intimam
1419 3405 1834 3458 familiaritatem
1864 3395 2221 3483 contraxerat,

202 3513 290 3573 vel
315 3512 386 3564 ab
412 3510 554 3574 aliis,
594 3506 903 3578 praesertim
932 3521 963 3553 a
989 3495 1300 3552 christianis
1339 3487 1792 3553 Hierorosolymae
1834 3474 2223 3532 habitantibuS‚

198 3571 527 3668 finibuscum
555 3611 653 3662 per
669 3587 963 3643 biennium
990 3588 1236 3638 versatus
1263 3583 1345 3630 est
1375 3574 1464 3642 (cf.
1493 3577 1605 3624 not.
1634 3568 1700 3620 ad
1729 3582 1846 3634 cap.
1875 3557 2115 3619 XXVII,
2150 3555 2219 3620 l),

28 1282 42 1302 »η
