2430 4030
544 316 827 355 seotmnum
868 313 1019 349 PAnm
1058 311 1180 348 rma
1218 310 1561 347 ABSOLVITUR.
1981 291 2084 342 195

41 472 402 524 synagogam,
452 450 774 519 disputabat
819 467 942 500 cum
972 446 1205 499 Judaeis.
1254 450 1286 486 ³¹<
1315 444 1668 512 Rogantibus
1698 447 1882 494 autem
1911 443 1992 494 eis
2023 447 2083 492 ut
2109 455 2166 493 20

39 538 289 606 ampliori
337 543 582 604 tempore
625 538 891 595 maneret,
939 549 1049 581 non
1094 529 1393 591 consensit,
1439 532 1472 568 >k
1522 526 1618 578 s'ed
1649 527 1998 590 valefaciens,
2030 530 2084 577 et
2109 539 2161 576 21

41 619 262 671 dicens:
311 618 520 670 Iterum
566 622 808 667 revertar
851 614 920 664 ad
969 631 1064 664 vos
1118 612 1231 663 Deo
1280 611 1519 674 volente,
1569 610 1851 678 profectus
1902 616 1987 660 est
2015 609 2083 660 ab

43 701 277 770 Epheso.
307 705 340 742 >¹<
370 700 441 751 Et
469 698 815 751 descendens
858 696 1182 759 Caesaream,
1218 692 1487 758 ascendit,
1517 699 1573 744 et
1617 693 1881 745 salutavit
1910 693 2082 745 eccle·
2111 704 2164 742 22

45 785 197 848 siam,
227 790 282 836 et
310 783 598 836 descendit
630 781 1000 841 Antiochiam.

51 933 79 1000 ᾧ
118 931 169 982 4.
215 930 454 981 Tertium
494 928 597 980 iter
635 927 799 978 Pauli
838 925 1220 994 evavniqelicum.
1264 923 1394 993 Cap.
1437 923 1656 986 XVIII,
1702 922 1956 986 23-XXL
2001 923 2086 975 16.

49 1056 88 1100 1.
126 1056 306 1100 AronLo
337 1056 584 1100 CHRISTUM
618 1067 825 1099 smenon
863 1065 1118 1096 PRAEmoAT.
1170 1051 1330 1094 LABoR
1373 1050 1518 1093 PAnm
1555 1061 1856 1093 Arosronicns
1893 1048 2090 1093 EPnESI.

718 1123 827 1167 CAP.
862 1121 1058 1173 XVIII,
1093 1120 1311 1171 23-X1X‚
1345 1121 1415 1163 22.

121 1246 508 1299 Summarium.
562 1245 763 1296 Paulus
811 1243 1033 1295 tertium
1066 1244 1169 1293 iter
1197 1240 1554 1309 apostolicum
1588 1240 1919 1308 aggreditur
1952 1239 2088 1306 (23).

49 1329 244 1380 Obiter
302 1334 572 1391 narratur,
644 1327 842 1396 Apollo
913 1326 1202 1395 quemdam
1263 1325 1425 1375 fidem
1481 1325 1840 1375 christianam
1899 1330 2091 1374 contra

50 1412 273 1464 Judaeos
302 1418 521 1463 strenue
559 1428 958 1480 propugnasse,
992 1416 1110 1460 tum
1157 1408 1382 1476 Ephesi,
1412 1414 1528 1459 tum
1561 1407 1811 1459 Corinthi
1848 1407 2088 1474 (24-28).

50 1495 247 1547 Paulus
312 1501 511 1557 autem,
580 1511 747 1563 quum
822 1493 1102 1562 Ephesum
1167 1491 1429 1555 venisset,
1494 1491 1759 1560 quosdam
1814 1491 2091 1559 baptismo

53 1710 325 1767 Ephesinos
364 1711 470 1755 Act.
511 1711 617 1762 XX,
658 1710 838 1762 17-38);
875 1708 933 1752 ad
970 1723 1129 1765 quam,
1167 1722 1339 1751 novem
1377 1707 1568 1751 circiter
1600 1708 1740 1750 annis
1777 1712 1957 1763 postea,
1981 1722 2091 1751 cum

54 1780 219 1824 Romae
243 1781 290 1822 in
315 1794 500 1823 carcere
525 1780 631 1830 erit,
669 1779 846 1823 scribet
873 1778 1152 1834 Epistolam‚
1195 1792 1369 1833 magna
1402 1777 1560 1820 cordis
1595 1776 1922 1819 teneritudine
1948 1782 2094 1833 atque

52 1848 163 1892 altis
203 1850 422 1905 mysticae
462 1848 716 1902 theologiae
751 1848 984 1891 doctrinis
1026 1847 1264 1890 refertam.
1310 1846 1622 1889 Postmodum
1666 1861 1794 1896 vero,
1820 1860 1927 1888 cum
1945 1845 2044 1901 jam
2070 1859 2095 1887 e

51 1917 255 1961 vinculis
282 1918 513 1961 Romanis
537 1917 768 1960 liberatus
794 1917 981 1967 fuisset,
1020 1916 1214 1966 iterum,
1250 1922 1304 1959 ut
1338 1915 1546 1966 videtur,
1571 1915 1820 1970 Ephesum
1847 1915 2091 1966 visitavit3

52 1992 100 2031 et
141 1987 252 2030 inde
287 1987 608 2042 proficiscens,
646 1986 952 2030 Timotheum
994 1984 1251 2041 Ephesinae
1288 1985 1501 2028 ecclesiae
1542 1985 1754 2039 praefecit
1796 1985 2094 2041 episcopum,

51 2056 303 2113 eidemque
324 2057 442 2099 duas
471 2055 665 2112 scripsit
689 2056 929 2112 Epistolas
958 2070 1043 2111 pro
1069 2061 1199 2099 recta
1231 2056 1395 2112 gregis
1420 2055 1770 2111 gubernatione
1794 2055 2094 2099 utilissimas.

109 2126 181 2168 20.
215 2124 324 2168 NON
365 2138 639 2169 CONSENSIT:
679 2124 865 2182 quare?
905 2124 1040 2180 Quia,
1082 2131 1135 2168 ut
1160 2124 1296 2167 addit
1319 2129 1480 2168 textus
1506 2125 1744 2180 Receptus,
1782 2124 1876 2180 ipsi
1909 2124 2097 2168 omnino

50 2210 222 2240 ‘necesse
243 2201 340 2241 erat
363 2197 626 2254 proximum
641 2198 817 2253 festum
847 2196 1181 2254 Hierosolymis
1206 2196 1444 2247 celebrare,
1483 2203 1531 2239 et
1569 2203 1712 2248 certe,
1753 2204 1871 2240 tunc
1896 2196 2096 2248 hostias,

53 2280 140 2322 pro
165 2266 394 2310 solvendo
420 2272 532 2310 voto
554 2267 603 2309 in
627 2266 825 2322 Templo
850 2266 1046 2310 offerre:
1078 2266 1186 2309 vide
1214 2267 1378 2308 statim
1408 2266 1617 2309 notanda
1640 2281 1683 2308 v.
1709 2266 1779 2309 22.

111 2336 182 2380 21.
214 2335 499 2379 REVERTAR:
535 2336 678 2394 idque
716 2337 828 2381 fecit
869 2337 997 2381 haud
1038 2339 1104 2381 ita
1143 2337 1296 2381 multo
1335 2343 1461 2393 post,
1503 2352 1604 2393 cap.
1643 2337 1828 2389 XIX,1,
1863 2337 1912 2380 in
1954 2337 2099 2380 tertio

56 2408 226 2452 itinere
251 2409 526 2464 apostolico.

117 2477 185 2522 22.
220 2478 474 2529 ASCENDIT,
515 2478 770 2522 adhibetur
807 2478 865 2522 de
906 2478 1321 2534 proficiscentibus
1362 2478 1764 2536 Hierosolymam,
1803 2479 1947 2522 etiam
1995 2486 2099 2524 tum

59 2561 207 2604 quum
232 2547 358 2591 nude
381 2548 593 2604 positum
620 2550 700 2600 sit,
739 2554 794 2592 ut
821 2548 990 2592 Joann.
1020 2548 1136 2600 VII,
1162 2549 1203 2599 8,
1228 2549 1310 2601 10;
1338 2550 1408 2592 20.
1444 2550 1606 2605 Atque
1631 2564 1685 2593 eo
1708 2564 1852 2593 sensu
1875 2556 2003 2593 certe
2025 2549 2102 2592 hic

58 2617 346 2661 sumendum
385 2624 476 2670 est,
513 2619 553 2661 si
594 2619 804 2675 genuina
840 2620 939 2662 sint
976 2633 1083 2676 quae
1107 2634 1148 2662 v.
1185 2619 1237 2663 21
1266 2620 1314 2662 in
1340 2624 1472 2663 textu
1507 2620 1696 2677 Recepto
1721 2620 1950 2676 leguntur
1975 2619 2102 2672 (cum

58 2684 214 2737 DGH,
237 2701 334 2744 syr.
359 2695 470 2739 utr.,
496 2688 638 2739 arab„
663 2688 798 2739 slav„
823 2703 859 2732 s.
884 2688 1093 2745 Chrys),
1120 2694 1229 2745 post
1257 2689 1458 2732 verbum
1485 2690 1657 2740 dicens,
1680 2704 1880 2746 nempe:
1916 2690 2103 2732 omnino

56 2769 228 2799 ‘necesse
249 2760 326 2808 est,
348 2761 399 2801 ut
418 2758 682 2814 promimum
695 2759 869 2814 festum
892 2758 1233 2814 Hierosolymis
1258 2758 1484 2802 celebrem.
1530 2759 1640 2810 Sed,
1666 2774 1815 2816 quum
1842 2760 1943 2803 haec
1965 2760 2102 2803 omit·

57 2829 222 2868 tantur
245 2826 294 2869 in
321 2827 456 2870 codd.
487 2827 615 2870 ABE
646 2827 764 2880 Sin„
805 2833 852 2871 et
877 2841 1028 2871 verss.
1055 2828 1205 2883 vulg,
1232 2829 1431 2884 coptica‚
1461 2827 1632 2879 sahid.,
1657 2827 1927 2884 aethiopica,
1952 2843 2103 2871 arme-

58 2893 216 2948 niaca3
258 2909 503 2953 quumque
535 2902 769 2952 praeterea
809 2896 936 2952 apud
972 2897 1146 2940 Lucam
1182 2904 1409 2940 αναςαινειν
1437 2897 1495 2940 de
1519 2897 1691 2940 itinere
1720 2897 2104 2954 Hierosolymam

59 2964 164 3008 sine
187 2967 380 3010 nomine
402 2967 536 3011 urbis
556 2967 719 3012 addito
735 2982 975 3025 nusquam
999 2969 1289 3025 reperiatur:
1317 2983 1395 3011 res
1420 2968 1567 3012 dubia
1590 2974 1677 3012 est.
1701 2968 1753 3012 Si
1777 2983 1871 3013 non
1894 2970 2106 3025 genuina

61 3033 125 3078 sit
146 3034 246 3079 haec
262 3035 419 3089 lectio,
437 3037 642 3081 ascendit
658 3042 818 3094 potest
836 3038 1104 3094 significare
1127 3038 1344 3089 Paulum,
1379 3053 1403 3081 e
1435 3039 1548 3081 navi
1572 3053 1841 3094 egressum,
1866 3039 1914 3081 in
1933 3039 2103 3082 urbem

62 3101 329 3148 Caesaream
358 3106 643 3151 ascendisse.
670 3106 836 3151 Unum
854 3112 1012 3151 tamen
1039 3112 1114 3151 est
1137 3107 1267 3164 quod
1292 3107 1548 3151 lectionem
1575 3109 1706 3150 illam
1733 3113 1897 3152 textus
1921 3108 2109 3165 Recepti

61 3174 378 3228 commendet,
414 3177 603 3222 facilius
626 3177 854 3235 explicari
878 3192 1026 3235 quare
1051 3178 1196 3222 verba
1220 3178 1303 3221 illa
1336 3178 1667 3234 praetermissa
1692 3179 1876 3222 fuerint
1901 3179 2108 3235 (nempe,

63 3243 176 3301 quia
199 3259 243 3289 v.
267 3245 324 3288 22
362 3261 459 3291 non
498 3247 623 3291 clare
659 3248 838 3292 dicitur
882 3248 1084 3290 Paulum
1123 3247 1286 3304 reipsa
1329 3248 1713 3306 Hierosolymam
1747 3249 1930 3304 ivisse),
1964 3263 2109 3306 quam

64 3313 300 3358 rationein
324 3315 458 3359 reddi
480 3316 539 3360 ob
561 3331 703 3375 quam
728 3316 914 3374 adjecta
936 3316 1135 3360 fuerint.
1532 3350 1539 3355 .

127 3381 363 3428 Omnibus
403 3387 602 3430 attentis
640 3387 690 3430 in
729 3401 833 3431 eam
872 3386 1008 3430 valde
1047 3386 1321 3443 propendeo
1359 3386 1637 3442 opinionem
1676 3387 1805 3441 (curn
1835 3388 1983 3443 Bisp.‚
2008 3388 2111 3432 *De

67 3449 228 3496 Wette
250 3452 295 3496 3⁰
323 3454 442 3510 Aufl.
465 3455 596 3507 1848,
633 3455 738 3501 *W.
765 3455 926 3500 Smith
962 3454 1055 3500 The
1077 3456 1139 3500 N.
1169 3456 1218 3500 T.
1244 3455 1390 3510 hiem,
1429 3457 1721 3512 Apostolum
1745 3456 1794 3500 in
1819 3457 1916 3501 isto
1939 3458 2112 3501 itinere

68 3521 278 3566 secundo
314 3522 697 3582 Hierosolymam
738 3525 951 3581 petiisse,
990 3525 1072 3568 ubi
1096 3529 1208 3569 voto
1233 3525 1297 3578 (v.
1325 3524 1398 3579 18)
1431 3525 1685 3578 satisfecit,
1718 3525 1987 3583 deindeque
2014 3527 2110 3570 An-

66 3588 292 3636 tiochiam
314 3592 528 3638 rediisse.
562 3594 678 3640 Veri
704 3595 831 3639 enim
857 3595 1014 3639 simile
1039 3609 1135 3639 non
1161 3600 1253 3648 est,
1277 3595 1328 3639 in
1364 3602 1499 3640 tanta
1530 3596 1716 3640 narrati
1742 3597 1930 3641 itineris
1955 3597 2109 3640 brevi-
