2430 4030
157 179 166 189 ι
194 179 222 194 og

165 199 214 243 ἱ»

128 251 159 270 ’ξι

645 286 848 325 munus
888 288 1046 326 ROMAE
1084 290 1288 327 JUDAEos
1325 291 1394 328 AD
1435 293 1493 329 sn
1530 292 1711 345 vocam.
2090 281 2194 335 267

102 416 390 483 ··'³ssibimet
434 442 558 477 cum
604 423 954 476 custodiente
982 441 1039 476 se
1082 424 1272 476 milite.
1318 429 1350 465 ²¹<
1393 425 1526 477 Post
1563 427 1786 478 tertium
1827 433 2008 479 autem
2053 429 2195 480 diem
2220 433 2272 477 1-'7

106 504 140 567 3⁴.
160 507 485 564 convocavit
511 506 719 576 primos
746 505 783 558 J
788 505 1088 558 udaeorum.
1121 504 1367 575 Cumque
1404 507 1808 571 convenissent,
1837 497 2056 561 dicebat
2083 512 2161 562 eis
2183 531 2194 562 ε

95 598 114 645 ².
165 593 309 662 EgO,
337 590 444 645 viri
469 590 688 653 fratreS‚
717 588 854 640 nihil
885 588 1152 641 adversus
1180 589 1396 658 plebem
1418 581 1640 653 facienS,
1664 596 1758 642 aut
1786 610 1990 643 morem
2018 598 2196 661 pater-

162 692 317 738 num,
345 674 564 726 vinctus
592 671 662 724 ab
691 670 727 723 J
732 671 1055 740 erosolymis
1084 671 1319 722 traditus
1347 688 1467 722 sum
1496 672 1551 722 in
1589 690 1781 724 manus
1810 674 2196 739 Romanorum,

72 780 89 818 y·
162 760 197 798 *
249 755 343 826 qui
395 772 519 807 cum
563 754 1061 822 interrogationem
1116 753 1183 804 de
1237 770 1322 804 me
1375 753 1717 818 habuissent,
1771 756 2059 807 voluerunt
2113 776 2198 808 me
2223 764 2276 803 18

78 845 96 906 j:
169 838 470 902 dimittere,
509 853 572 888 eo
609 835 758 905 quod
801 835 955 887 nulla
985 840 1134 887 esset
1175 852 1338 887 causa
1377 835 1572 886 mortis
1616 836 1671 887 in
1714 855 1815 888 me.
1847 842 1880 878 ²¹<
1911 837 2195 889 Contradi-
2223 849 2278 888 19

163 920 416 974 centibus
457 924 642 971 autem
688 917 920 983 Judaeis,
966 922 1189 970 coactus
1239 936 1358 970 sum
1411 918 1690 986 appellare
1749 919 2034 984 Caesarem,
2090 939 2198 972 non

165 1003 320 1074 quasi
361 1007 588 1071 gentem
636 1019 812 1052 meam
862 1000 1070 1053 habens
1113 999 1324 1068 aliquid
1370 1017 1647 1052 accusare.
1697 1005 1728 1041 ²¹<
1780 1003 2010 1071 Propter
2061 1002 2201 1054 hanc
2225 1011 2279 1049 20

170 1217 280 1250 cum
313 1203 390 1256 iis,
421 1203 504 1262 qui
537 1203 590 1248 de
623 1202 755 1246 domo
792 1201 994 1247 Oaesaris
1026 1204 1160 1244 erant
1183 1200 1323 1253 (Phil.
1351 1199 1436 1251 IV,
1465 1200 1559 1255 22).
1585 1200 1726 1243 Prius
1750 1200 1941 1244 videtur
1963 1201 2204 1245 habitasse

165 1272 294 1330 apud
319 1273 526 1316 amicum
547 1272 807 1330 quemdam
833 1276 916 1315 aut
940 1271 1278 1321 christianum,
1297 1284 1323 1312 a
1342 1285 1434 1327 quo
1452 1269 1716 1325 hospitium
1743 1269 2030 1322 obtinuerat,
2055 1285 2105 1314 v.
2125 1271 2200 1323 23;

168 1341 440 1400 usquedum
466 1340 817 1385 habitationem
838 1339 931 1383 sibi
948 1339 1191 1390 conduxit,
1210 1354 1253 1382 v.
1278 1339 1345 1382 325).
1367 1339 1566 1381 Amicus
1584 1338 1661 1381 ille
1679 1338 1882 1382 fortasse
1906 1339 1997 1381 fuit
2019 1338 2204 1396 Aquila,

167 1411 295 1468 apud
321 1411 611 1469 quemolim
636 1410 942 1453 habitaverat
968 1407 1192 1452 Corinthi
1232 1408 1334 1451 Act.
1362 1405 1558 1458 XVIII,
1595 1407 1633 1456 3,
1666 1412 1713 1449 et
1747 1408 1827 1463 qui
1862 1406 2064 1451 Romam
2097 1413 2208 1450 ante

168 1481 435 1526 adventum
463 1479 608 1524 Pauli
630 1479 856 1531 redierat,
883 1477 1021 1523 Rom.
1058 1477 1196 1529 XVI,
1233 1477 1272 1528 3,
1306 1476 1539 1532 cujusque
1572 1475 1742 1519 domus
1775 1476 1899 1520 facta
1932 1481 2034 1520 erat
2066 1476 2206 1520 eccle-

0 1538 14 1594 J
52 1541 54 1573 ἶ
101 1603 108 1605 λ
169 1549 254 1602 sia,
277 1549 341 1594 ib.

227 1618 338 1663 CUM
360 1629 537 1671 mmm,
563 1616 644 1676 qui
666 1631 768 1660 eum
793 1615 1055 1668 custodiret,
1081 1615 1218 1673 cujus
1244 1614 1492 1658 brachium
1518 1614 1783 1665 dexterum,
1809 1628 1939 1658 more
1980 1613 2209 1666 Romano,

176 1688 312 1733 Pauli
339 1687 534 1732 brachio
574 1687 773 1732 sinistro
806 1692 972 1731 catena
1005 1686 1258 1742 alligatum
1298 1689 1428 1728 erat:
1472 1683 1573 1728 haec
1606 1693 1708 1728 erat
1740 1683 1948 1728 custodia
1972 1684 2211 1735 militaris,

170 1763 224 1801 ut
246 1757 536 1809 vocabatur;
575 1762 723 1814 atque
756 1756 860 1800 haec
892 1755 1231 1812 imponebatur
1256 1753 1374 1798 viris
1400 1754 1543 1796 etiam
1582 1753 1913 1797 illustrissimo
1946 1753 2047 1797 loco
2070 1754 2212 1804 natis,

168 1841 215 1872 v.
243 1841 318 1884 gr.
352 1827 587 1884 Agrippae
627 1827 717 1871 sub
748 1825 955 1870 Tiberio.
987 1826 1055 1869 De
1088 1829 1250 1869 catena
1273 1837 1360 1867 sua
1383 1823 1645 1880 Apostolus
1679 1823 1806 1867 haud
1841 1824 1987 1867 semel
2023 1823 2212 1868 locutus

169 1902 270 1942 est:
303 1897 410 1941 Act.
433 1897 680 1950 XXVIII,
709 1897 793 1949 '203
817 1896 941 1952 Eph.
967 1895 1064 1947 111,
1089 1897 1141 1947 13
1170 1893 1258 1946 IV,
1279 1895 1330 1948 1;
1358 1895 1535 1946 VL203
1577 1894 1778 1938 Philem.
1804 1894 1866 1946 X,
1893 1893 1961 1937 13.

233 1966 302 2012 17.
340 1966 452 2010 Tres
485 1968 671 2023 priores
712 1966 810 2010 dies
844 1971 972 2010 certe
1017 1965 1150 2010 dedit
1191 1964 1486 2015 christianis,
1530 1965 1612 2020 qui
1650 1964 1812 2020 ipsum
1854 1970 1950 2008 tam
1994 1966 2214 2006 amanter

172 2044 458 2095 receperant
503 2041 568 2095 (v.
616 2038 709 2091 15),
750 2043 798 2083 et
839 2038 1014 2095 quibus
1054 2037 1149 2080 frui
1191 2041 1445 2092 tantopere
1477 2035 1693 2091 cupierat
1730 2034 1887 2087 (Rom.
1929 2034 1967 2086 Ι,
2002 2035 2054 2078 11
2091 2035 2212 2090 sq.):

171 2123 358 2162 verum,
382 2123 531 2167 quum
567 2123 734 2154 eorum
775 2108 975 2153 ecclesia
1006 2122 1033 2151 a
1074 2107 1219 2151 Petro
1240 2106 1342 2163 jam
1376 2106 1494 2149 satis
1528 2105 1749 2149 ordinata
1781 2105 1968 2156 fuisset,
2003 2103 2213 2160 primum

173 2192 315 2223 suum
353 2178 566 2223 laborem
591 2178 911 2235 apostolicum
952 2177 1139 2222 Judaeis
1167 2175 1420 2232 impendit,
1462 2179 1516 2218 ut
1550 2174 1733 2218 solebat
1764 2175 1919 2217 facere
1954 2172 2082 2226 (Act.
2125 2171 2215 2224 IX,

172 2247 252 2300 15;
276 2247 425 2300 XIII,
445 2249 487 2300 5,
513 2249 606 2303 14).
631 2249 887 2299 Praeterea,
917 2247 1033 2291 utile
1059 2251 1162 2290 erat
1188 2244 1383 2290 Judaeos
1406 2244 1574 2289 statim
1607 2243 1755 2295 adire,
1778 2243 1891 2300 quia
1911 2242 1960 2286 hi
1988 2242 2037 2284 in
2063 2241 2145 2285 lite
2169 2246 2216 2285 et

55 2321 84 2356 ‚'
165 2315 352 2374 jndicio
397 2318 535 2363 Pauli
572 2319 869 2363 intervenire
910 2322 1152 2374 poterant.
1190 2315 1348 2371 Quum
1382 2320 1543 2358 autem
1591 2314 1853 2370 Apostolus
1893 2327 1919 2356 a
1960 2311 2217 2368 Synagoga

173 2387 384 2444 petenda
405 2388 751 2444 prohiberetur
777 2388 854 2442 (iis
880 2387 1007 2431 enim
1031 2387 1111 2443 qui
1135 2386 1185 2427 in
1213 2384 1422 2428 custodia
1462 2382 1664 2427 militari
1686 2387 1837 2432 erant,
1864 2396 1888 2424 e
1906 2382 2045 2425 domo
2070 2380 2217 2423 libere

173 2456 340 2513 egredi
382 2472 480 2503 non
518 2457 728 2514 licebat),
767 2468 1051 2502 couvomvn
1092 2467 1263 2498 PRIMOS
1312 2454 1341 2498 J
1346 2465 1588 2497 UDAEORUM
1633 2452 1693 2495 ad
1739 2451 2027 2495 conductum
2075 2462 2216 2492 suum

174 2526 243 2580 (v.
268 2525 361 2582 30),
386 2541 559 2584 nempe
593 2527 968 2585 Synagogarum
991 2525 1248 2582 praefectos
1273 2529 1324 2568 et
1344 2524 1501 2578 capita
1526 2522 1875 2578 praecipuarum
1912 2519 2218 2567 familiarum,

178 2595 341 2649 verbo,
374 2610 456 2641 eos
488 2611 656 2642 omnes
689 2597 773 2654 qui
806 2594 993 2640 Judaeis
1027 2599 1267 2651 praeerant
1302 2597 1406 2636 tum
1440 2591 1880 2647 dignitate,··quum
1918 2587 2216 2636 auctoritate,

179 2678 223 2710 v.
257 2664 331 2710 21.

235 2735 335 2782 Eos
359 2742 523 2782 autem
547 2735 727 2794 alloqui
758 2739 971 2794 exoptat,
992 2737 1042 2780 in
1075 2736 1203 2779 hunc
1237 2735 1382 2778 finem
1416 2741 1470 2777 ut
1502 2729 1761 2781 obstacula,
1785 2742 1892 2785 quae
1918 2740 2084 2772 eorum
2109 2739 2216 2771 con·
2266 2721 2268 2724 ’

175 2806 448 2852 versionem
484 2806 720 2863 impedire
757 2807 961 2863 possint,
1004 2805 1266 2862 prudenter
1312 2805 1568 2853 removeat,
1615 2814 1696 2856 per
1742 2799 1830 2842 hoc
1872 2809 2042 2851 nempe
2090 2793 2218 2851 quod

177 2875 517 2934 praejudicatas
543 2876 810 2934 opiniones,
837 2889 955 2934 quas
989 2878 1119 2919 certe
1150 2879 1322 2922 contra,
1347 2874 1508 2928 ipsum
1540 2869 1765 2920 habeant,
1791 2867 1958 2917 diluat,
1987 2876 2218 2920 suamque

178 2945 505 2992 conditionem
531 2946 846 3003 singularem,
866 2943 897 2988 J
901 2943 1052 2988 udaeis
1079 2957 1192 2987 sane
1214 2942 1436 2992 invisam,
1453 2939 1673 2995 explicet.
1695 2936 1810 2980 Ideo
1830 2934 1922 2979 tria
1945 2932 2217 2990 praesertim

178 3032 346 3064 rerum
367 3019 527 3076 capita
547 3018 751 3075 attingit
768 3017 849 3062 :1⁰
872 3031 923 3061 se
950 3016 1167 3061 vinctum
1193 3029 1288 3059 non
1314 3027 1418 3058 esse
1438 3011 1498 3056 ob
1521 3008 1714 3067 aliquod
1739 3007 1892 3051 scelus
1918 3010 2084 3050 contra
2105 3017 2217 3059 gen-

179 3093 282 3134 tem
315 3088 568 3135 Judaicam
600 3088 870 3133 admissum
895 3087 958 3142 (v.
986 3087 1082 3140 17);
1118 3086 1163 3129 2⁰
1196 3088 1410 3130 coactum
1446 3096 1495 3125 se
1527 3080 1676 3124 fuisse
1708 3076 1948 3133 appellare
1979 3074 2218 3119 Gaesarem

179 3160 246 3217 (v.
277 3159 348 3214 18,
373 3159 472 3215 17);
495 3159 543 3203 3⁰
568 3158 782 3211 tandem,
815 3171 863 3202 se
895 3159 1054 3202 animo
1085 3154 1315 3201 benevolo
1346 3166 1460 3210 erga
1493 3165 1571 3195 eos
1604 3148 1830 3193 affectum
1863 3159 1983 3196 esse,
2016 3148 2064 3187 ot
2096 3143 2218 3187 velle

53 3239 57 3241 ’
181 3243 291 3274 eum
315 3228 435 3286 ipsis
460 3227 660 3274 consilia
682 3227 1038 3272 communicare
1062 3223 1460 3278 concordiamque
1487 3219 1610 3262 inire
1637 3221 1699 3274 (v.
1724 3217 1818 3270 20).

241 3301 496 3352 Anvansus
517 3311 719 3353 PLEBEM,
739 3318 796 3353 τῳ
817 3305 918 3352 λαῳ,
943 3300 1116 3355 qentem
1137 3299 1346 3340 nostram
1369 3294 1500 3349 (nota
1521 3291 1646 3355 art).
1665 3312 1718 3320 -
1742 3287 1919 3331 Momm
1936 3295 2216 3329 PATERNUM:

3 3368 7 3385 ⁵
60 3392 62 3396 ·
84 3363 118 3422 ³5*
183 3391 266 3418 τοις
290 3378 421 3417 εθεσιν
443 3390 525 3416 τοις
548 3389 760 3427 πατρωοις,
781 3371 943 3428 potius
966 3367 1186 3412 instituta
1203 3365 1380 3423 patria.

253 3443 328 3488 19,
347 3442 458 3488 Nou
484 3454 623 3496 QUASI
645 3440 889 3491 haberem,
905 3438 964 3482 de
981 3451 1075 3495 quo
1094 3436 1350 3493 populares
1375 3446 1505 3478 meos
1530 3429 1656 3488 apud
1675 3428 1914 3474 Caesarem
1931 3437 2218 3473 accusarem,

3 3502 7 3539 ἶ
179 3512 279 3558 *sed
302 3517 496 3558 tantum
518 3511 612 3555 mei
635 3507 924 3555 defendendi
947 3520 1104 3552 causa.

62 3572 87 3602 ,⁵5
100 3573 129 3594 *-

244 3581 322 3626 20.
343 3581 566 3627 Pssorzrnn
585 3591 712 3624 nmo
738 3589 937 3630 οΔῦεΑΜ,
960 3579 1014 3621 ut
1041 3572 1310 3631 significem
1327 3585 1403 3615 me
1418 3584 1513 3615 non
1538 3583 1643 3614 esse
1666 3567 1788 3627 legis
1810 3563 2029 3610 Mosaicae
2055 3561 2218 3606 adver-
