2430 4030
279 292 345 342 62
829 304 992 340 Ac'ms
1032 305 1429 354 APOSToLoRuM,
1471 291 1550 356 11,
1597 293 1814 345 14-41„

200 450 255 489 40
279 453 649 508 quoscumque
677 435 1030 488 advocaverit
1061 436 1329 489 Dominus
1359 437 1508 491 Deus
1547 446 1753 495 noster.
1784 445 1817 482 ²¹<
1847 442 1987 495 Aliis
2014 444 2180 496 etiam
2207 463 2327 498 ver·
2395 510 2410 511 ἶ

274 521 361 573 bis
388 520 639 591 plurimis
680 519 1011 572 testificatus
1052 524 1153 585 est,
1194 525 1249 572 et
1285 520 1683 575 exhortabatur
1719 542 1831 590 eos,
1875 525 2064 578 dicens
2095 548 2105 580 :
2140 527 2327 581 Salva-

199 614 250 652 41
276 607 410 659 mini
447 625 479 658 a
518 605 874 674 generatione
914 605 1020 657 ista
1048 623 1232 675 prava.
1264 610 1297 647 ³¹<
1337 606 1442 672 Qui
1481 625 1614 677 ergo
1655 616 1984 680 receperunt
2023 630 2329 665 sermonem

274 690 408 759 eJUS,
449 689 714 759 baptizati
754 694 899 752 sunt,
943 694 1000 741 et
1039 690 1307 760 appositae
1345 696 1475 745 sunt
1515 691 1569 743 in
1610 692 1700 745 die
1743 693 1836 746 illa
1873 695 2070 748 animae
2110 695 2330 749 circiter

276 775 380 825 tria
410 772 597 825 millia,

274 974 429 1021 tione:
466 974 523 1019 cf.
562 973 669 1018 Act.
713 973 787 1026 X,
817 974 874 1018 10
913 988 984 1032 sq.
1028 973 1211 1019 Sensus
1255 975 1408 1032 igitur
1447 981 1522 1020 est
1556 994 1565 1020 ε
1605 976 1820 1034 Spiritus
1861 993 1899 1022 s.
1941 978 2210 1033 promissus
2254 984 2330 1025 est

272 1045 459 1090 Judaeis
496 1044 739 1095 omnibus,
776 1043 1122 1103 cujuscumque
1160 1046 1261 1089 sint
1299 1046 1452 1091 estatis
1500 1046 1647 1100 (vobis
1687 1050 1727 1091 et
1763 1047 1888 1104 filiis
1925 1047 2127 1102 vestris),
2169 1048 2328 1106 cujus-

271 1129 476 1172 cumque
510 1114 678 1173 patrioe
720 1114 915 1167 (vobis..,
955 1118 996 1159 et
1029 1115 1093 1159 iis
1133 1115 1215 1174 qui
1253 1116 1383 1173 lonqe
1419 1117 1570 1169 sunt),
1609 1117 1748 1162 modo
1786 1117 1918 1163 DEUs
1955 1117 2065 1163 illos
2106 1131 2166 1162 AD
2206 1118 2329 1164 hanc

271 1187 479 1244 gratiam
503 1199 781 1230 vocAvan.

331 1258 400 1301 40.
437 1256 774 1300 TnsTchTus
810 1269 906 1307 EST,
946 1261 1248 1311 διεμαρτυρατο,
1290 1256 1418 1314 quod
1457 1258 1582 1301 sumi
1626 1261 1787 1314 potest
1821 1272 1966 1302 sensu
2001 1257 2083 1302 illo
2118 1277 2128 1303 :
2164 1259 2327 1304 verbis

271 1331 478 1374 testatus
512 1331 601 1379 est,
635 1326 838 1371 solemni
872 1327 1058 1370 ratione
1091 1327 1442 1382 pronuntiavit,
1475 1328 1640 1373 docuit
1674 1347 1683 1372 :
1716 1341 1772 1372 ET
1805 1326 2185 1373 EXHORTABATUR'
2208 1341 2325 1375 Eos:

269 1398 425 1456 igitur
461 1412 514 1442 ea
552 1397 734 1441 referre
771 1397 884 1441 licet
921 1397 982 1440 ad
1015 1396 1151 1440 binas
1190 1397 1394 1441 oratoris
1430 1399 1552 1443 sacri
1594 1406 1758 1455 partes
1800 1399 2084 1456 praecipuas,
2119 1413 2327 1456 quarum

270 1469 402 1527 prior
428 1472 501 1513 est
530 1472 584 1512 ut
606 1467 792 1519 doceat,
824 1467 1070 1517 instituat,
1103 1466 1376 1519 convincat,
1410 1482 1495 1512 seu
1528 1469 1830 1514 intellectum
1865 1470 2109 1514 illuminet
2140 1469 2324 1514 audito·

268 1554 405 1590 rum;
446 1539 600 1583 altera
635 1552 750 1582 vero
791 1542 846 1582 ut
878 1552 960 1582 cor
999 1538 1195 1582 illorum
1230 1543 1420 1583 moveat
1453 1554 1539 1596 per
1576 1540 1810 1585 fervidam
1836 1539 2245 1585 adhortationem.

332 1609 598 1654 SALVAMINI
623 1621 652 1651 A
678 1620 1011 1651 GENERATIONE
1034 1620 1150 1658 ISTA,
1172 1609 1325 1652 oratio
1349 1623 1598 1666 prceqnans
1624 1625 1737 1665 pro:
1766 1609 2033 1654 SALVAMINI
2051 1611 2326 1667 seyreqando

267 1695 345 1725 vos
379 1693 407 1723 A
446 1691 777 1723 GENERATIONE
814 1691 913 1722 JVSTA
950 1696 960 1723 :
996 1679 1026 1722 i.
1067 1693 1105 1722 e.
1148 1678 1206 1722 ab
1247 1680 1515 1737 aequalibus
1553 1681 1747 1734 vestris,
1785 1681 1904 1726 viris
1939 1682 2047 1725 istis
2082 1681 2243 1738 impiis
2277 1689 2325 1727 et

269 1750 502 1795 scelestis.
551 1749 658 1794 Vox
703 1750 954 1806 yeneratio,
998 1767 1136 1804 γενεα,
1182 1764 1310 1805 saepe
1354 1751 1564 1795 occurrit
1610 1751 1658 1794 in
1703 1767 1739 1796 s.
1787 1751 2059 1809 Scriptura,
2105 1757 2155 1796 et
2191 1752 2325 1797 vario

269 1821 462 1880 quidem
504 1835 651 1864 sensu
687 1840 696 1864 ε
738 1822 783 1864 1⁰
823 1819 1016 1876 proprie
1059 1820 1303 1876 significat
1345 1824 1500 1865 actum
1537 1822 1791 1879 ‚qenerandi
1828 1823 1895 1877 (id
1929 1822 2058 1880 quod
2096 1841 2266 1876 γενεσις,
2298 1838 2326 1868 a

267 1910 459 1948 γιγνομαι
482 1892 576 1945 sio),
600 1897 648 1935 et
673 1892 720 1935 2⁰
749 1891 955 1948 passive,
988 1891 1166 1948 prolem
1197 1891 1403 1948 qenitam
1437 1907 1520 1936 seu
1553 1893 1848 1951 proqeniem;
1885 1893 1996 1937 inde
2030 1893 2075 1936 3⁰
2107 1894 2326 1951 temporis

268 1963 476 2021 spatium
503 1963 727 2019 (triginta
761 1962 912 2006 ferme
944 1963 1201 2017 annorum)
1237 1962 1358 2020 quod
1390 1963 1545 2006 ewistit
1574 1964 1698 2007 inter
1729 1963 1849 2008 duas
1881 1963 2203 2020 qenerationes
2233 1963 2325 2008 sibi

268 2033 463 2078 invicem
497 2032 811 2083 succedentes;
847 2032 961 2075 hinc
987 2031 1257 2087 generatim
1281 2046 1442 2084 sevum,
1467 2033 1686 2077 seculum.
1715 2034 1851 2087 (Luc.
1881 2033 2000 2084 VII,
2025 2033 2114 2086 31).
2141 2032 2325 2076 Deinde

270 2104 315 2147 4⁰
339 2102 545 2147 homines
577 2116 676 2145 una
708 2101 954 2158 eademque
988 2103 1120 2144 aetate
1155 2100 1369 2151 viventes,
1403 2101 1616 2159 oequales.
1652 2103 1867 2147 Tandem
1895 2103 1939 2146 5⁰
1965 2102 2175 2158 spatium
2207 2102 2323 2146 vitae

269 2173 414 2217 unius
452 2172 679 2222 hominis,
718 2176 870 2215 totam
910 2170 1023 2214 vitae
1062 2170 1164 2228 ejus
1204 2171 1393 2222 seriem,
1431 2171 1534 2228 ejus
1579 2171 1834 2216 historiam
1873 2172 2149 2217 universam
2191 2171 2320 2226 (Act.

269 2242 419 2294 VIII,
444 2242 532 2294 33).

328 2314 400 2356 41.
425 2312 518 2369 Qm
539 2323 849 2355 RECEPERUNT
871 2323 1131 2354 SERMONEM
1153 2323 1261 2355 Esus
1287 2315 1467 2358 (textus
1490 2310 1714 2368 Receptus
1740 2312 1873 2356 addit
1896 2329 2092 2365 ασμενων,
2116 2310 2323 2364 libenter,

270 2383 355 2427 sed
389 2389 463 2427 est
496 2381 755 2438 glossema,
790 2385 916 2424 teste
946 2379 1327 2431 Tischendorfio,
1360 2394 1509 2438 quum
1544 2381 1594 2423 in
1628 2380 1764 2425 codd.
1801 2381 1976 2425 ABCD
2012 2394 2107 2424 non
2132 2393 2322 2435 compa-

270 2453 408 2507 reat).
434 2452 552 2496 Haec
577 2451 723 2495 verba
745 2450 1021 2494 libertatem
1047 2449 1308 2493 humanam
1337 2450 1462 2494 clare
1487 2449 1726 2504 innuunt3
1753 2465 1918 2507 supra,
1944 2465 1989 2495 v.
2017 2450 2090 2501 39,
2114 2449 2322 2494 necessi·

270 2530 420 2571 tatem
447 2524 658 2570 vidimus
700 2523 875 2567 divinae
913 2523 1085 2579 gratiae
1131 2523 1501 2580 praevenientis;
1551 2523 1646 2567 duo
1690 2524 1818 2567 enim
1865 2523 1914 2567 in
1959 2533 2104 2580 opere
2147 2523 2320 2566 salutis

270 2597 587 2654 requiruntur
616 2615 623 2640 :
650 2600 698 2639 et
721 2594 880 2650 gratia
905 2593 1007 2646 Dei,
1031 2601 1078 2637 et
1103 2594 1311 2638 hominis
1335 2608 1477 2649 opera
1511 2599 1691 2638 mutua.
1727 2594 1845 2639 Ideo
1879 2609 1918 2638 s.
1961 2594 2133 2638 Paulus
2160 2594 2182 2637 l
2211 2592 2320 2639 Gor.

268 2667 379 2718 XV,
406 2668 461 2711 10
487 2665 773 2719 (secundum
807 2665 1063 2708 lectionem
1097 2662 1348 2720 Vulgatae)
1386 2682 1395 2707 ε
1429 2663 1537 2709 Non
1562 2678 1656 2720 eqo,
1688 2664 1772 2717 ait,
1796 2664 2042 2718 (laboravi)
2081 2664 2211 2708 solus
2243 2663 2321 2708 sed

268 2738 426 2795 qratia
457 2737 546 2781 Dei
582 2750 757 2780 mecum
789 2735 1039 2787 laboravit,
1082 2748 1171 2791 ego
1213 2734 1358 2777 simul
1397 2748 1505 2778 cum
1544 2735 1702 2791 gratia
1734 2734 1960 2786 laboravi,
1999 2734 2174 2790 (obiter
2205 2739 2320 2778 nota

267 2807 523 2852 lectionem
552 2806 921 2862 probabiliorem
944 2804 1084 2848 aliam
1110 2819 1243 2850 esse:
1270 2818 1465 2847 sensum
1490 2814 1651 2848 autem
1674 2805 1854 2849 videsis
1878 2805 1926 2848 in
1956 2804 2128 2850 Oomm.
2151 2809 2319 2848 nostro

269 2879 322 2923 in
355 2878 509 2936 Epist.
542 2875 681 2922 Paul.
719 2876 767 2919 3a
801 2875 911 2930 ρὰ).
944 2899 1001 2906 ——
1036 2875 1280 2919 APPOSITAE
1313 2887 1443 2926 SUNT,
1484 2881 1802 2930 προσετεθησαν,
1845 2875 2018 2920 additos
2058 2877 2166 2918 sunt
2177 2891 2193 2926 ;
2227 2873 2319 2927 vel,

269 2948 310 2992 si
334 2948 465 2992 notio
492 2946 625 2992 verbi
658 2946 804 2990 medii
839 2950 1078 2996 sumatur,
1113 2944 1429 3001 adjunaeerzmt
1463 2959 1522 2987 se.
1559 2944 1689 2990 Oui?
1727 2945 1887 2990 Coetui
1921 2944 2319 2995 christianorum,

269 3017 513 3070 Ecclesiae,
540 3022 594 3060 ut
617 3015 823 3059 habetur
853 3030 898 3060 v.
934 3016 989 3060 47
1023 3015 1073 3057 in
1107 3013 1304 3068 aliquib.
1339 3013 1537 3058 codicib.
1571 3013 1703 3069 Ergo
1742 3014 1826 3058 isti
1865 3028 1959 3058 non
1999 3013 2317 3057 efformarunt

270 3089 475 3145 primam
530 3087 918 3132 Christianorum
980 3086 1395 3136 communitatem,
1457 3099 1613 3142 neque
1676 3100 1851 3129 novam
1907 3085 2271 3129 constituerunt
2302 3100 2314 3135 ;

266 3159 491 3202 innuitur
523 3158 753 3203 Ecclesiae
784 3173 812 3201 a
845 3157 1042 3202 Christo
1073 3155 1279 3200 conditae
1314 3155 1488 3199 unitas.
1523 3157 1700 3198 ANIMAE
1734 3167 1955 3199 CIRCITER
1983 3167 2094 3199 TRIA
2116 3166 2314 3198 MILLIAt
2412 3167 2430 3221 4¹

267 3228 442 3273 animae
467 3243 555 3286 pro
587 3243 807 3286 personae,
840 3243 896 3272 ex
929 3241 1060 3272 more
1093 3225 1323 3284 loquendi
1354 3225 1579 3270 omuibus
1603 3225 1702 3270 fere
1735 3225 1920 3282 linguis
1954 3224 2216 3270 communi.
2355 3276 2365 3278 ἓ
2411 3225 2430 3315 j
