<?xml version="1.0" encoding="UTF-8"?>
<!DOCTYPE html PUBLIC "-//W3C//DTD XHTML 1.0 Transitional//EN"
    "http://www.w3.org/TR/xhtml1/DTD/xhtml1-transitional.dtd">
<html xmlns="http://www.w3.org/1999/xhtml" xml:lang="en" lang="en">
 <head>
  <title>
</title>
<meta http-equiv="Content-Type" content="text/html;charset=utf-8" />
  <meta name='ocr-system' content='tesseract 3.04.00' />
  <meta name='ocr-capabilities' content='ocr_page ocr_carea ocr_par ocr_line ocrx_word'/>
</head>
<body>
  <div class='ocr_page' id='page_1' title='image "actusapostolorum00steeuoft_0030.png"; bbox 0 0 2430 4030; ppageno 0'>
   <div class='ocr_carea' id='block_1_1' title="bbox 149 330 1715 379">
    <p class='ocr_par' dir='ltr' id='par_1_1' title="bbox 149 330 1715 379">
     <span class='ocr_line' id='line_1_1' title="bbox 149 330 1715 379; baseline -0.008 0"><span class='ocrx_word' id='word_1_1' title='bbox 149 330 216 379; x_wconf 75' lang='lat'>24</span> <span class='ocrx_word' id='word_1_2' title='bbox 629 335 982 373; x_wconf 79' lang='lat' dir='ltr'>INTRODUOTIO</span> <span class='ocrx_word' id='word_1_3' title='bbox 1023 335 1081 370; x_wconf 89' lang='lat' dir='ltr'>IN</span> <span class='ocrx_word' id='word_1_4' title='bbox 1120 334 1282 370; x_wconf 80' lang='lat' dir='ltr'>ACTUS</span> <span class='ocrx_word' id='word_1_5' title='bbox 1321 331 1715 368; x_wconf 75' lang='lat' dir='ltr'>APOSTOLORUM.</span> 
     </span>
    </p>
   </div>
   <div class='ocr_carea' id='block_1_2' title="bbox 649 408 1233 413">
    <p class='ocr_par' dir='ltr' id='par_1_2' title="bbox 649 408 1233 413">
     <span class='ocr_line' id='line_1_2' title="bbox 649 408 1233 413; baseline 0 0"><span class='ocrx_word' id='word_1_6' title='bbox 649 408 1233 413; x_wconf 95' lang='lat' dir='ltr'> </span> 
     </span>
    </p>
   </div>
   <div class='ocr_carea' id='block_1_3' title="bbox 147 419 435 426">
    <p class='ocr_par' dir='ltr' id='par_1_3' title="bbox 147 419 435 426">
     <span class='ocr_line' id='line_1_3' title="bbox 147 419 435 426; baseline 0 3604"><span class='ocrx_word' id='word_1_7' title='bbox 147 419 435 426; x_wconf 95' lang='lat' dir='ltr'> </span> 
     </span>
    </p>
   </div>
   <div class='ocr_carea' id='block_1_4' title="bbox 147 465 2202 961">
    <p class='ocr_par' dir='ltr' id='par_1_4' title="bbox 147 465 2202 961">
     <span class='ocr_line' id='line_1_4' title="bbox 150 465 2200 544; baseline -0.006 -16"><span class='ocrx_word' id='word_1_8' title='bbox 150 476 474 544; x_wconf 79' lang='lat' dir='ltr'><strong>Exemplum</strong></span> <span class='ocrx_word' id='word_1_9' title='bbox 505 474 577 524; x_wconf 89' lang='lat' dir='ltr'>sit</span> <span class='ocrx_word' id='word_1_10' title='bbox 604 490 721 542; x_wconf 87' lang='lat' dir='ltr'>cap.</span> <span class='ocrx_word' id='word_1_11' title='bbox 752 470 875 534; x_wconf 88' lang='lat' dir='ltr'>XV,</span> <span class='ocrx_word' id='word_1_12' title='bbox 924 471 989 522; x_wconf 84' lang='lat'>16</span> <span class='ocrx_word' id='word_1_13' title='bbox 1030 488 1169 539; x_wconf 89' lang='lat' dir='ltr'>sqq.,</span> <span class='ocrx_word' id='word_1_14' title='bbox 1210 469 1302 519; x_wconf 91' lang='lat' dir='ltr'>ubi</span> <span class='ocrx_word' id='word_1_15' title='bbox 1344 470 1399 519; x_wconf 90' lang='lat' dir='ltr'>in</span> <span class='ocrx_word' id='word_1_16' title='bbox 1441 469 1687 519; x_wconf 89' lang='lat' dir='ltr'>oratione</span> <span class='ocrx_word' id='word_1_17' title='bbox 1725 484 1767 517; x_wconf 74' lang='lat' dir='ltr'>s,</span> <span class='ocrx_word' id='word_1_18' title='bbox 1812 465 2007 518; x_wconf 79' lang='lat' dir='ltr'>Jacobi</span> <span class='ocrx_word' id='word_1_19' title='bbox 2047 465 2200 516; x_wconf 83' lang='lat' dir='ltr'>locus</span> 
     </span>
     <span class='ocr_line' id='line_1_5' title="bbox 147 542 2201 626; baseline -0.006 -15"><span class='ocrx_word' id='word_1_20' title='bbox 147 542 433 611; x_wconf 37' lang='lat' dir='ltr'>ex¹Amos</span> <span class='ocrx_word' id='word_1_21' title='bbox 480 557 750 626; x_wconf 84' lang='lat' dir='ltr'>propheta</span> <span class='ocrx_word' id='word_1_22' title='bbox 802 555 1080 614; x_wconf 87' lang='lat' dir='ltr'>inseritur,</span> <span class='ocrx_word' id='word_1_23' title='bbox 1135 559 1300 622; x_wconf 89' lang='lat' dir='ltr'>atque</span> <span class='ocrx_word' id='word_1_24' title='bbox 1366 553 1601 604; x_wconf 85' lang='lat' dir='ltr'>refertur</span> <span class='ocrx_word' id='word_1_25' title='bbox 1650 569 1713 602; x_wconf 91' lang='lat' dir='ltr'>eo</span> <span class='ocrx_word' id='word_1_26' title='bbox 1770 549 1929 602; x_wconf 91' lang='lat' dir='ltr'>modo</span> <span class='ocrx_word' id='word_1_27' title='bbox 1984 566 2091 618; x_wconf 90' lang='lat' dir='ltr'>quo</span> <span class='ocrx_word' id='word_1_28' title='bbox 2143 548 2201 598; x_wconf 90' lang='lat' dir='ltr'>in</span> 
     </span>
     <span class='ocr_line' id='line_1_6' title="bbox 149 635 2201 708; baseline -0.005 -16"><span class='ocrx_word' id='word_1_29' title='bbox 149 643 398 693; x_wconf 75' lang='lat' dir='ltr'>versione</span> <span class='ocrx_word' id='word_1_30' title='bbox 457 641 520 693; x_wconf 87' lang='grc'>70</span> <span class='ocrx_word' id='word_1_31' title='bbox 572 641 946 708; x_wconf 88' lang='lat' dir='ltr'>Interpretum</span> <span class='ocrx_word' id='word_1_32' title='bbox 1002 638 1208 705; x_wconf 82' lang='lat' dir='ltr'>legitur</span> <span class='ocrx_word' id='word_1_33' title='bbox 1267 635 1624 705; x_wconf 87' lang='lat' dir='ltr'>(aliquantum</span> <span class='ocrx_word' id='word_1_34' title='bbox 1690 635 1907 686; x_wconf 85' lang='lat' dir='ltr'>diverso</span> <span class='ocrx_word' id='word_1_35' title='bbox 1958 653 1988 684; x_wconf 86' lang='lat' dir='ltr'>a</span> <span class='ocrx_word' id='word_1_36' title='bbox 2043 637 2201 683; x_wconf 86' lang='lat' dir='ltr'>textu</span> 
     </span>
     <span class='ocr_line' id='line_1_7' title="bbox 149 717 2199 794; baseline -0.005 -17"><span class='ocrx_word' id='word_1_37' title='bbox 149 726 413 793; x_wconf 85' lang='lat' dir='ltr'>hebraeo),</span> <span class='ocrx_word' id='word_1_38' title='bbox 459 743 624 794; x_wconf 90' lang='lat' dir='ltr'>quum</span> <span class='ocrx_word' id='word_1_39' title='bbox 673 730 853 773; x_wconf 87' lang='lat' dir='ltr'>tamen</span> <span class='ocrx_word' id='word_1_40' title='bbox 901 723 1014 773; x_wconf 84' lang='lat' dir='ltr'>veri</span> <span class='ocrx_word' id='word_1_41' title='bbox 1054 721 1347 772; x_wconf 84' lang='lat' dir='ltr'>admodum</span> <span class='ocrx_word' id='word_1_42' title='bbox 1392 721 1566 771; x_wconf 89' lang='lat' dir='ltr'>simile</span> <span class='ocrx_word' id='word_1_43' title='bbox 1605 720 1677 770; x_wconf 84' lang='lat' dir='ltr'>sit</span> <span class='ocrx_word' id='word_1_44' title='bbox 1716 719 1994 788; x_wconf 87' lang='lat' dir='ltr'>ipsissima</span> <span class='ocrx_word' id='word_1_45' title='bbox 2033 717 2199 769; x_wconf 83' lang='lat' dir='ltr'>verba</span> 
     </span>
     <span class='ocr_line' id='line_1_8' title="bbox 152 799 2202 873; baseline -0.006 -12"><span class='ocrx_word' id='word_1_46' title='bbox 152 810 368 860; x_wconf 88' lang='lat' dir='ltr'>hebraea</span> <span class='ocrx_word' id='word_1_47' title='bbox 407 827 437 858; x_wconf 90' lang='lat' dir='ltr'>a</span> <span class='ocrx_word' id='word_1_48' title='bbox 478 807 686 858; x_wconf 79' lang='lat' dir='ltr'>Jacobo</span> <span class='ocrx_word' id='word_1_49' title='bbox 729 810 989 873; x_wconf 88' lang='lat' dir='ltr'>usurpata</span> <span class='ocrx_word' id='word_1_50' title='bbox 1029 804 1198 854; x_wconf 86' lang='lat' dir='ltr'>fuisse</span> <span class='ocrx_word' id='word_1_51' title='bbox 1246 825 1255 854; x_wconf 75' lang='grc' dir='ltr'>ε</span> <span class='ocrx_word' id='word_1_52' title='bbox 1301 804 1473 854; x_wconf 79' lang='lat' dir='ltr'>Lucas</span> <span class='ocrx_word' id='word_1_53' title='bbox 1522 803 1643 853; x_wconf 89' lang='lat' dir='ltr'>ideo</span> <span class='ocrx_word' id='word_1_54' title='bbox 1686 802 1915 852; x_wconf 77' lang='lat' dir='ltr'><strong>forsitan</strong></span> <span class='ocrx_word' id='word_1_55' title='bbox 1964 799 2202 852; x_wconf 86' lang='lat' dir='ltr'>versioni</span> 
     </span>
     <span class='ocr_line' id='line_1_9' title="bbox 154 886 2202 961; baseline -0.005 -18"><span class='ocrx_word' id='word_1_56' title='bbox 154 910 350 961; x_wconf 78' lang='lat' dir='ltr'>graecae</span> <span class='ocrx_word' id='word_1_57' title='bbox 388 891 628 953; x_wconf 87' lang='lat' dir='ltr'>inhaesit,</span> <span class='ocrx_word' id='word_1_58' title='bbox 671 889 816 958; x_wconf 88' lang='lat' dir='ltr'>quod</span> <span class='ocrx_word' id='word_1_59' title='bbox 858 895 1088 956; x_wconf 88' lang='lat' dir='ltr'>cuperet</span> <span class='ocrx_word' id='word_1_60' title='bbox 1116 891 1177 936; x_wconf 90' lang='lat' dir='ltr'>ut</span> <span class='ocrx_word' id='word_1_61' title='bbox 1207 886 1398 937; x_wconf 88' lang='lat' dir='ltr'>citatio</span> <span class='ocrx_word' id='word_1_62' title='bbox 1439 886 1530 937; x_wconf 92' lang='lat' dir='ltr'>illa</span> <span class='ocrx_word' id='word_1_63' title='bbox 1573 886 1771 936; x_wconf 89' lang='lat' dir='ltr'>ceteris</span> <span class='ocrx_word' id='word_1_64' title='bbox 1801 890 1948 936; x_wconf 91' lang='lat' dir='ltr'>esset</span> <span class='ocrx_word' id='word_1_65' title='bbox 1975 900 2202 935; x_wconf 89' lang='lat' dir='ltr'>consen-</span> 
     </span>
    </p>
   </div>
   <div class='ocr_carea' id='block_1_5' title="bbox 158 983 336 1028">
    <p class='ocr_par' dir='ltr' id='par_1_5' title="bbox 158 983 336 1028">
     <span class='ocr_line' id='line_1_10' title="bbox 158 983 336 1028; baseline -0.011 0"><span class='ocrx_word' id='word_1_66' title='bbox 158 983 336 1028; x_wconf 78' lang='lat' dir='ltr'>tanea,</span> 
     </span>
    </p>
   </div>
   <div class='ocr_carea' id='block_1_6' title="bbox 153 1112 2224 3595">
    <p class='ocr_par' dir='ltr' id='par_1_6' title="bbox 153 1112 2208 1689">
     <span class='ocr_line' id='line_1_11' title="bbox 228 1112 2203 1185; baseline -0.005 -14"><span class='ocrx_word' id='word_1_67' title='bbox 228 1119 525 1171; x_wconf 84' lang='lat' dir='ltr'>Brevitatis</span> <span class='ocrx_word' id='word_1_68' title='bbox 573 1118 628 1168; x_wconf 91' lang='lat' dir='ltr'>in</span> <span class='ocrx_word' id='word_1_69' title='bbox 674 1117 865 1185; x_wconf 87' lang='lat' dir='ltr'>primis</span> <span class='ocrx_word' id='word_1_70' title='bbox 911 1115 1220 1166; x_wconf 83' lang='lat' dir='ltr'>studiosum</span> <span class='ocrx_word' id='word_1_71' title='bbox 1267 1115 1468 1184; x_wconf 86' lang='lat' dir='ltr'>ubique</span> <span class='ocrx_word' id='word_1_72' title='bbox 1513 1132 1631 1166; x_wconf 89' lang='lat' dir='ltr'>sese</span> <span class='ocrx_word' id='word_1_73' title='bbox 1675 1112 1920 1165; x_wconf 87' lang='lat' dir='ltr'>ostendit</span> <span class='ocrx_word' id='word_1_74' title='bbox 1965 1113 2203 1164; x_wconf 89' lang='lat' dir='ltr'>Actuum</span> 
     </span>
     <span class='ocr_line' id='line_1_12' title="bbox 153 1197 2205 1271; baseline -0.005 -15"><span class='ocrx_word' id='word_1_75' title='bbox 153 1211 360 1266; x_wconf 79' lang='lat' dir='ltr'>auctor,</span> <span class='ocrx_word' id='word_1_76' title='bbox 401 1204 718 1271; x_wconf 85' lang='lat' dir='ltr'>frequenter</span> <span class='ocrx_word' id='word_1_77' title='bbox 762 1220 824 1251; x_wconf 88' lang='lat' dir='ltr'>ea</span> <span class='ocrx_word' id='word_1_78' title='bbox 862 1201 1142 1261; x_wconf 87' lang='lat' dir='ltr'>omittens,</span> <span class='ocrx_word' id='word_1_79' title='bbox 1184 1217 1305 1268; x_wconf 82' lang='lat' dir='ltr'>quae</span> <span class='ocrx_word' id='word_1_80' title='bbox 1346 1218 1413 1249; x_wconf 78' lang='lat' dir='ltr'>ex</span> <span class='ocrx_word' id='word_1_81' title='bbox 1450 1199 1656 1268; x_wconf 82' lang='lat' dir='ltr'>reliqua</span> <span class='ocrx_word' id='word_1_82' title='bbox 1698 1197 2011 1247; x_wconf 77' lang='lat' dir='ltr'>narratione</span> <span class='ocrx_word' id='word_1_83' title='bbox 2053 1201 2109 1247; x_wconf 88' lang='lat' dir='ltr'>et</span> <span class='ocrx_word' id='word_1_84' title='bbox 2137 1213 2205 1245; x_wconf 81' lang='lat' dir='ltr'>ex</span> 
     </span>
     <span class='ocr_line' id='line_1_13' title="bbox 155 1278 2205 1353; baseline -0.005 -15"><span class='ocrx_word' id='word_1_85' title='bbox 155 1289 273 1339; x_wconf 88' lang='lat' dir='ltr'>aliis</span> <span class='ocrx_word' id='word_1_86' title='bbox 318 1287 452 1337; x_wconf 86' lang='lat' dir='ltr'>locis</span> <span class='ocrx_word' id='word_1_87' title='bbox 497 1284 741 1353; x_wconf 86' lang='lat' dir='ltr'>suppleri</span> <span class='ocrx_word' id='word_1_88' title='bbox 790 1284 944 1334; x_wconf 86' lang='lat' dir='ltr'>facile</span> <span class='ocrx_word' id='word_1_89' title='bbox 991 1290 1255 1351; x_wconf 84' lang='lat' dir='ltr'>possunt;</span> <span class='ocrx_word' id='word_1_90' title='bbox 1303 1302 1354 1335; x_wconf 86' lang='lat' dir='ltr'>v.</span> <span class='ocrx_word' id='word_1_91' title='bbox 1403 1302 1485 1352; x_wconf 86' lang='lat' dir='ltr'>gr.</span> <span class='ocrx_word' id='word_1_92' title='bbox 1530 1301 1647 1350; x_wconf 85' lang='lat' dir='ltr'>cap.</span> <span class='ocrx_word' id='word_1_93' title='bbox 1696 1281 1858 1343; x_wconf 87' lang='lat' dir='ltr'>VIII,</span> <span class='ocrx_word' id='word_1_94' title='bbox 1909 1280 1996 1332; x_wconf 83' lang='lat'>37.</span> <span class='ocrx_word' id='word_1_95' title='bbox 2042 1278 2205 1329; x_wconf 88' lang='lat' dir='ltr'>Haud</span> 
     </span>
     <span class='ocr_line' id='line_1_14' title="bbox 157 1361 2204 1435; baseline -0.005 -14"><span class='ocrx_word' id='word_1_96' title='bbox 157 1390 276 1422; x_wconf 84' lang='lat' dir='ltr'>raro</span> <span class='ocrx_word' id='word_1_97' title='bbox 325 1371 392 1420; x_wconf 89' lang='lat' dir='ltr'>ab</span> <span class='ocrx_word' id='word_1_98' title='bbox 438 1368 683 1419; x_wconf 89' lang='lat' dir='ltr'>oratione</span> <span class='ocrx_word' id='word_1_99' title='bbox 739 1366 964 1435; x_wconf 87' lang='lat' dir='ltr'>obliqua</span> <span class='ocrx_word' id='word_1_100' title='bbox 1010 1366 1078 1416; x_wconf 84' lang='lat' dir='ltr'>ad</span> <span class='ocrx_word' id='word_1_101' title='bbox 1131 1373 1332 1417; x_wconf 89' lang='lat' dir='ltr'>rectam</span> <span class='ocrx_word' id='word_1_102' title='bbox 1387 1366 1606 1428; x_wconf 88' lang='lat' dir='ltr'>transit,</span> <span class='ocrx_word' id='word_1_103' title='bbox 1656 1370 1719 1415; x_wconf 90' lang='lat' dir='ltr'>ut</span> <span class='ocrx_word' id='word_1_104' title='bbox 1784 1364 1829 1425; x_wconf 90' lang='lat' dir='ltr'>I,</span> <span class='ocrx_word' id='word_1_105' title='bbox 1885 1364 1956 1425; x_wconf 80' lang='lat'>43</span> <span class='ocrx_word' id='word_1_106' title='bbox 2013 1361 2204 1422; x_wconf 88' lang='lat' dir='ltr'>XVII,</span> 
     </span>
     <span class='ocr_line' id='line_1_15' title="bbox 158 1445 2208 1517; baseline -0.005 -13"><span class='ocrx_word' id='word_1_107' title='bbox 158 1455 223 1516; x_wconf 81' lang='lat'>33</span> <span class='ocrx_word' id='word_1_108' title='bbox 270 1451 492 1513; x_wconf 86' lang='lat' dir='ltr'>XXIII,</span> <span class='ocrx_word' id='word_1_109' title='bbox 541 1452 606 1500; x_wconf 78' lang='lat'>22</span> <span class='ocrx_word' id='word_1_110' title='bbox 655 1451 707 1499; x_wconf 91' lang='lat' dir='ltr'>in</span> <span class='ocrx_word' id='word_1_111' title='bbox 758 1468 841 1515; x_wconf 85' lang='lat' dir='ltr'>gr.</span> <span class='ocrx_word' id='word_1_112' title='bbox 892 1456 1031 1511; x_wconf 86' lang='lat' dir='ltr'>etc.;</span> <span class='ocrx_word' id='word_1_113' title='bbox 1082 1455 1137 1499; x_wconf 90' lang='lat' dir='ltr'>et</span> <span class='ocrx_word' id='word_1_114' title='bbox 1183 1450 1505 1517; x_wconf 78' lang='lat' dir='ltr'>pronomine</span> <span class='ocrx_word' id='word_1_115' title='bbox 1551 1447 1778 1499; x_wconf 85' lang='lat' dir='ltr'>relativo</span> <span class='ocrx_word' id='word_1_116' title='bbox 1832 1464 1979 1515; x_wconf 87' lang='lat' dir='ltr'>saepe</span> <span class='ocrx_word' id='word_1_117' title='bbox 2035 1445 2208 1495; x_wconf 88' lang='lat' dir='ltr'>utitur</span> 
     </span>
     <span class='ocr_line' id='line_1_16' title="bbox 157 1528 2208 1603; baseline -0.004 -17"><span class='ocrx_word' id='word_1_118' title='bbox 157 1537 214 1587; x_wconf 91' lang='lat' dir='ltr'>in</span> <span class='ocrx_word' id='word_1_119' title='bbox 278 1554 404 1586; x_wconf 86' lang='lat' dir='ltr'>casu</span> <span class='ocrx_word' id='word_1_120' title='bbox 470 1553 628 1603; x_wconf 90' lang='lat' dir='ltr'>quem</span> <span class='ocrx_word' id='word_1_121' title='bbox 690 1533 1028 1583; x_wconf 72' lang='lat' dir='ltr'>attractionis</span> <span class='ocrx_word' id='word_1_122' title='bbox 1093 1538 1311 1595; x_wconf 86' lang='lat' dir='ltr'>vocant,</span> <span class='ocrx_word' id='word_1_123' title='bbox 1380 1534 1480 1583; x_wconf 88' lang='lat' dir='ltr'>hoc</span> <span class='ocrx_word' id='word_1_124' title='bbox 1534 1538 1618 1584; x_wconf 88' lang='lat' dir='ltr'>est</span> <span class='ocrx_word' id='word_1_125' title='bbox 1670 1532 1725 1581; x_wconf 94' lang='lat' dir='ltr'>in</span> <span class='ocrx_word' id='word_1_126' title='bbox 1781 1548 1909 1582; x_wconf 89' lang='lat' dir='ltr'>casu</span> <span class='ocrx_word' id='word_1_127' title='bbox 1974 1528 2208 1580; x_wconf 88' lang='lat' dir='ltr'>nominis</span> 
     </span>
     <span class='ocr_line' id='line_1_17' title="bbox 159 1612 2208 1689; baseline -0.004 -19"><span class='ocrx_word' id='word_1_128' title='bbox 159 1619 541 1689; x_wconf 86' lang='lat' dir='ltr'>praecedentis,</span> <span class='ocrx_word' id='word_1_129' title='bbox 580 1618 699 1667; x_wconf 93' lang='lat' dir='ltr'>loco</span> <span class='ocrx_word' id='word_1_130' title='bbox 741 1635 898 1667; x_wconf 88' lang='lat' dir='ltr'>casus</span> <span class='ocrx_word' id='word_1_131' title='bbox 938 1616 1174 1666; x_wconf 86' lang='lat' dir='ltr'>nominis</span> <span class='ocrx_word' id='word_1_132' title='bbox 1213 1617 1512 1685; x_wconf 85' lang='lat' dir='ltr'>sequentis,</span> <span class='ocrx_word' id='word_1_133' title='bbox 1549 1634 1600 1667; x_wconf 89' lang='lat' dir='ltr'>v.</span> <span class='ocrx_word' id='word_1_134' title='bbox 1631 1634 1714 1684; x_wconf 87' lang='lat' dir='ltr'>gr.</span> <span class='ocrx_word' id='word_1_135' title='bbox 1750 1615 1792 1677; x_wconf 92' lang='lat' dir='ltr'>I,</span> <span class='ocrx_word' id='word_1_136' title='bbox 1828 1615 1873 1677; x_wconf 91' lang='lat'>1,</span> <span class='ocrx_word' id='word_1_137' title='bbox 1904 1621 1959 1664; x_wconf 91' lang='lat' dir='ltr'>et</span> <span class='ocrx_word' id='word_1_138' title='bbox 1987 1612 2208 1682; x_wconf 83' lang='lat' dir='ltr'>passim.</span> 
     </span>
    </p>

    <p class='ocr_par' dir='ltr' id='par_1_7' title="bbox 163 1699 2216 2168">
     <span class='ocr_line' id='line_1_18' title="bbox 235 1699 2209 1770; baseline -0.005 -18"><span class='ocrx_word' id='word_1_139' title='bbox 235 1702 571 1770; x_wconf 78' lang='lat' dir='ltr'><strong>Quamquam</strong></span> <span class='ocrx_word' id='word_1_140' title='bbox 627 1701 679 1750; x_wconf 90' lang='lat' dir='ltr'>in</span> <span class='ocrx_word' id='word_1_141' title='bbox 738 1700 939 1750; x_wconf 87' lang='lat' dir='ltr'>divinis</span> <span class='ocrx_word' id='word_1_142' title='bbox 993 1700 1222 1767; x_wconf 81' lang='lat' dir='ltr'>eloquiis</span> <span class='ocrx_word' id='word_1_143' title='bbox 1289 1700 1491 1751; x_wconf 82' lang='lat' dir='ltr'>veritas</span> <span class='ocrx_word' id='word_1_144' title='bbox 1557 1699 1823 1750; x_wconf 84' lang='lat' dir='ltr'>doctrinae</span> <span class='ocrx_word' id='word_1_145' title='bbox 1889 1712 2209 1763; x_wconf 87' lang='lat' dir='ltr'>morumque</span> 
     </span>
     <span class='ocr_line' id='line_1_19' title="bbox 163 1776 2211 1852; baseline -0.004 -16"><span class='ocrx_word' id='word_1_146' title='bbox 163 1786 444 1846; x_wconf 72' lang='lat' dir='ltr'>sanctitas,</span> <span class='ocrx_word' id='word_1_147' title='bbox 479 1784 651 1852; x_wconf 80' lang='lat' dir='ltr'>magis</span> <span class='ocrx_word' id='word_1_148' title='bbox 684 1802 843 1851; x_wconf 89' lang='lat' dir='ltr'>quam</span> <span class='ocrx_word' id='word_1_149' title='bbox 873 1783 1166 1834; x_wconf 87' lang='lat' dir='ltr'>verborum</span> <span class='ocrx_word' id='word_1_150' title='bbox 1211 1776 1523 1851; x_wconf 76' lang='lat' dir='ltr'>eloquentia</span> <span class='ocrx_word' id='word_1_151' title='bbox 1554 1788 1608 1834; x_wconf 89' lang='lat' dir='ltr'>et</span> <span class='ocrx_word' id='word_1_152' title='bbox 1636 1787 1896 1834; x_wconf 85' lang='lat' dir='ltr'>venustas</span> <span class='ocrx_word' id='word_1_153' title='bbox 1925 1780 2211 1840; x_wconf 84' lang='lat' dir='ltr'>sermonis,</span> 
     </span>
     <span class='ocr_line' id='line_1_20' title="bbox 164 1863 2214 1938; baseline -0.003 -19"><span class='ocrx_word' id='word_1_154' title='bbox 164 1869 472 1938; x_wconf 73' lang='lat' dir='ltr'>quaerendae</span> <span class='ocrx_word' id='word_1_155' title='bbox 521 1873 649 1918; x_wconf 88' lang='lat' dir='ltr'>sunt</span> <span class='ocrx_word' id='word_1_156' title='bbox 700 1889 709 1918; x_wconf 77' lang='grc' dir='ltr'><strong><em>ι</em></strong></span> <span class='ocrx_word' id='word_1_157' title='bbox 758 1868 1001 1935; x_wconf 85' lang='lat' dir='ltr'>benigne</span> <span class='ocrx_word' id='word_1_158' title='bbox 1057 1873 1236 1917; x_wconf 86' lang='lat' dir='ltr'>tamen</span> <span class='ocrx_word' id='word_1_159' title='bbox 1294 1867 1466 1918; x_wconf 86' lang='lat' dir='ltr'>voluit</span> <span class='ocrx_word' id='word_1_160' title='bbox 1513 1871 1568 1917; x_wconf 89' lang='lat' dir='ltr'>et</span> <span class='ocrx_word' id='word_1_161' title='bbox 1612 1866 1806 1915; x_wconf 84' lang='lat' dir='ltr'>statuit</span> <span class='ocrx_word' id='word_1_162' title='bbox 1862 1863 2214 1915; x_wconf 87' lang='lat' dir='ltr'>Providentia</span> 
     </span>
     <span class='ocr_line' id='line_1_21' title="bbox 166 1947 2216 2019; baseline -0.002 -17"><span class='ocrx_word' id='word_1_163' title='bbox 166 1960 226 2003; x_wconf 91' lang='lat' dir='ltr'>ut</span> <span class='ocrx_word' id='word_1_164' title='bbox 273 1953 360 2002; x_wconf 90' lang='lat' dir='ltr'>hic</span> <span class='ocrx_word' id='word_1_165' title='bbox 402 1952 624 2019; x_wconf 88' lang='lat' dir='ltr'>illicque</span> <span class='ocrx_word' id='word_1_166' title='bbox 665 1951 923 2002; x_wconf 87' lang='lat' dir='ltr'>dictionis</span> <span class='ocrx_word' id='word_1_167' title='bbox 968 1951 1128 2001; x_wconf 86' lang='lat' dir='ltr'>flores</span> <span class='ocrx_word' id='word_1_168' title='bbox 1171 1969 1291 2000; x_wconf 89' lang='lat' dir='ltr'>cum</span> <span class='ocrx_word' id='word_1_169' title='bbox 1330 1950 1602 2001; x_wconf 79' lang='lat' dir='ltr'>fructibus</span> <span class='ocrx_word' id='word_1_170' title='bbox 1647 1955 1853 2000; x_wconf 75' lang='lat' dir='ltr'>sanctae</span> <span class='ocrx_word' id='word_1_171' title='bbox 1891 1947 2216 1998; x_wconf 83' lang='lat' dir='ltr'>eruditionis</span> 
     </span>
     <span class='ocr_line' id='line_1_22' title="bbox 167 2030 2215 2102; baseline -0.003 -17"><span class='ocrx_word' id='word_1_172' title='bbox 167 2036 557 2096; x_wconf 80' lang='lat' dir='ltr'>miscerentur3</span> <span class='ocrx_word' id='word_1_173' title='bbox 599 2035 743 2084; x_wconf 88' lang='lat' dir='ltr'>unde</span> <span class='ocrx_word' id='word_1_174' title='bbox 779 2034 991 2084; x_wconf 87' lang='lat' dir='ltr'>animus</span> <span class='ocrx_word' id='word_1_175' title='bbox 1034 2034 1252 2085; x_wconf 89' lang='lat' dir='ltr'>lectoris</span> <span class='ocrx_word' id='word_1_176' title='bbox 1282 2034 1356 2102; x_wconf 86' lang='lat' dir='ltr'>pii</span> <span class='ocrx_word' id='word_1_177' title='bbox 1387 2033 1710 2095; x_wconf 82' lang='lat' dir='ltr'>delectetur,</span> <span class='ocrx_word' id='word_1_178' title='bbox 1755 2031 2002 2082; x_wconf 86' lang='lat' dir='ltr'>simulac</span> <span class='ocrx_word' id='word_1_179' title='bbox 2042 2030 2215 2080; x_wconf 87' lang='lat' dir='ltr'>virtu-</span> 
     </span>
     <span class='ocr_line' id='line_1_23' title="bbox 168 2118 656 2168; baseline -0.002 0"><span class='ocrx_word' id='word_1_180' title='bbox 168 2118 318 2168; x_wconf 88' lang='lat' dir='ltr'>tibus</span> <span class='ocrx_word' id='word_1_181' title='bbox 347 2126 656 2167; x_wconf 80' lang='lat' dir='ltr'>exornetur.</span> 
     </span>
    </p>

    <p class='ocr_par' dir='ltr' id='par_1_8' title="bbox 171 2196 2224 3595">
     <span class='ocr_line' id='line_1_24' title="bbox 242 2196 2215 2269; baseline -0.002 -19"><span class='ocrx_word' id='word_1_182' title='bbox 242 2202 424 2268; x_wconf 86' lang='lat' dir='ltr'>Atque</span> <span class='ocrx_word' id='word_1_183' title='bbox 479 2200 598 2250; x_wconf 83' lang='lat' dir='ltr'>ideo</span> <span class='ocrx_word' id='word_1_184' title='bbox 651 2201 931 2267; x_wconf 84' lang='lat' dir='ltr'>ingratum</span> <span class='ocrx_word' id='word_1_185' title='bbox 987 2219 1091 2250; x_wconf 91' lang='lat' dir='ltr'>non</span> <span class='ocrx_word' id='word_1_186' title='bbox 1150 2202 1255 2251; x_wconf 89' lang='lat' dir='ltr'>erit</span> <span class='ocrx_word' id='word_1_187' title='bbox 1310 2200 1557 2269; x_wconf 80' lang='lat' dir='ltr'>quaedam</span> <span class='ocrx_word' id='word_1_188' title='bbox 1613 2206 1830 2250; x_wconf 88' lang='lat' dir='ltr'>notasse</span> <span class='ocrx_word' id='word_1_189' title='bbox 1884 2199 1951 2249; x_wconf 89' lang='lat' dir='ltr'>de</span> <span class='ocrx_word' id='word_1_190' title='bbox 2006 2196 2215 2248; x_wconf 86' lang='lat' dir='ltr'>meritis</span> 
     </span>
     <span class='ocr_line' id='line_1_25' title="bbox 171 2280 2212 2334; baseline -0.002 -1"><span class='ocrx_word' id='word_1_191' title='bbox 171 2283 427 2334; x_wconf 88' lang='lat' dir='ltr'>literariis</span> <span class='ocrx_word' id='word_1_192' title='bbox 478 2285 713 2333; x_wconf 88' lang='lat' dir='ltr'>Actuum</span> <span class='ocrx_word' id='word_1_193' title='bbox 761 2282 905 2332; x_wconf 89' lang='lat' dir='ltr'>libri.</span> <span class='ocrx_word' id='word_1_194' title='bbox 959 2285 1104 2332; x_wconf 87' lang='lat' dir='ltr'>Ante</span> <span class='ocrx_word' id='word_1_195' title='bbox 1152 2283 1332 2332; x_wconf 90' lang='lat' dir='ltr'>omnia</span> <span class='ocrx_word' id='word_1_196' title='bbox 1371 2282 1718 2333; x_wconf 85' lang='lat' dir='ltr'>nominandae</span> <span class='ocrx_word' id='word_1_197' title='bbox 1764 2287 1892 2331; x_wconf 90' lang='lat' dir='ltr'>sunt</span> <span class='ocrx_word' id='word_1_198' title='bbox 1934 2280 2056 2331; x_wconf 89' lang='lat' dir='ltr'>duae</span> <span class='ocrx_word' id='word_1_199' title='bbox 2094 2298 2212 2329; x_wconf 89' lang='lat' dir='ltr'>ora-</span> 
     </span>
     <span class='ocr_line' id='line_1_26' title="bbox 174 2362 2215 2433; baseline -0.002 -17"><span class='ocrx_word' id='word_1_200' title='bbox 174 2367 348 2416; x_wconf 86' lang='lat' dir='ltr'>tiones</span> <span class='ocrx_word' id='word_1_201' title='bbox 408 2366 806 2433; x_wconf 76' lang='lat' dir='ltr'>pulcherrimae,</span> <span class='ocrx_word' id='word_1_202' title='bbox 863 2383 1087 2432; x_wconf 86' lang='lat' dir='ltr'>quarum</span> <span class='ocrx_word' id='word_1_203' title='bbox 1154 2384 1312 2415; x_wconf 91' lang='lat' dir='ltr'>unam</span> <span class='ocrx_word' id='word_1_204' title='bbox 1374 2366 1612 2415; x_wconf 82' lang='lat' dir='ltr'>Athenis</span> <span class='ocrx_word' id='word_1_205' title='bbox 1673 2382 1852 2414; x_wconf 87' lang='lat' dir='ltr'>coram</span> <span class='ocrx_word' id='word_1_206' title='bbox 1909 2362 2215 2430; x_wconf 80' lang='lat' dir='ltr'>gentilibus</span> 
     </span>
     <span class='ocr_line' id='line_1_27' title="bbox 171 2444 2216 2516; baseline -0.003 -18"><span class='ocrx_word' id='word_1_207' title='bbox 171 2449 527 2516; x_wconf 89' lang='lat' dir='ltr'>philosophis,</span> <span class='ocrx_word' id='word_1_208' title='bbox 570 2449 798 2498; x_wconf 85' lang='lat' dir='ltr'>alteram</span> <span class='ocrx_word' id='word_1_209' title='bbox 840 2467 966 2498; x_wconf 88' lang='lat' dir='ltr'>vero</span> <span class='ocrx_word' id='word_1_210' title='bbox 1011 2447 1186 2497; x_wconf 86' lang='lat' dir='ltr'>Mileti</span> <span class='ocrx_word' id='word_1_211' title='bbox 1227 2465 1408 2498; x_wconf 87' lang='lat' dir='ltr'>coram</span> <span class='ocrx_word' id='word_1_212' title='bbox 1451 2447 1723 2516; x_wconf 87' lang='lat' dir='ltr'>episcopis</span> <span class='ocrx_word' id='word_1_213' title='bbox 1760 2453 1815 2496; x_wconf 91' lang='lat' dir='ltr'>et</span> <span class='ocrx_word' id='word_1_214' title='bbox 1854 2444 2216 2514; x_wconf 87' lang='lat' dir='ltr'>presbyteris,</span> 
     </span>
     <span class='ocr_line' id='line_1_28' title="bbox 172 2531 2218 2600; baseline -0.003 -16"><span class='ocrx_word' id='word_1_215' title='bbox 172 2534 362 2584; x_wconf 85' lang='lat' dir='ltr'>habuit</span> <span class='ocrx_word' id='word_1_216' title='bbox 405 2551 447 2584; x_wconf 87' lang='lat' dir='ltr'>s.</span> <span class='ocrx_word' id='word_1_217' title='bbox 490 2533 688 2583; x_wconf 88' lang='lat' dir='ltr'>Paulus</span> <span class='ocrx_word' id='word_1_218' title='bbox 730 2554 739 2583; x_wconf 92' lang='lat'>:</span> <span class='ocrx_word' id='word_1_219' title='bbox 783 2534 835 2582; x_wconf 89' lang='lat' dir='ltr'>in</span> <span class='ocrx_word' id='word_1_220' title='bbox 875 2533 1053 2600; x_wconf 88' lang='lat' dir='ltr'>priore</span> <span class='ocrx_word' id='word_1_221' title='bbox 1093 2533 1424 2599; x_wconf 75' lang='lat' dir='ltr'>elegantiam</span> <span class='ocrx_word' id='word_1_222' title='bbox 1474 2532 1602 2600; x_wconf 89' lang='lat' dir='ltr'>styli</span> <span class='ocrx_word' id='word_1_223' title='bbox 1647 2531 1950 2600; x_wconf 87' lang='lat' dir='ltr'>praesertim</span> <span class='ocrx_word' id='word_1_224' title='bbox 1997 2534 2218 2580; x_wconf 83' lang='lat' dir='ltr'>senten-</span> 
     </span>
     <span class='ocr_line' id='line_1_29' title="bbox 172 2611 2216 2684; baseline -0.002 -18"><span class='ocrx_word' id='word_1_225' title='bbox 172 2617 478 2684; x_wconf 88' lang='lat' dir='ltr'>tiarumque</span> <span class='ocrx_word' id='word_1_226' title='bbox 519 2616 931 2677; x_wconf 79' lang='lat' dir='ltr'>sublimitatem,</span> <span class='ocrx_word' id='word_1_227' title='bbox 977 2616 1028 2666; x_wconf 85' lang='lat' dir='ltr'>in</span> <span class='ocrx_word' id='word_1_228' title='bbox 1060 2617 1362 2683; x_wconf 87' lang='lat' dir='ltr'>posteriore</span> <span class='ocrx_word' id='word_1_229' title='bbox 1392 2624 1573 2666; x_wconf 88' lang='lat' dir='ltr'>autem</span> <span class='ocrx_word' id='word_1_230' title='bbox 1604 2614 1957 2666; x_wconf 85' lang='lat' dir='ltr'>suavissimos</span> <span class='ocrx_word' id='word_1_231' title='bbox 1987 2611 2216 2663; x_wconf 87' lang='lat' dir='ltr'>tenerri-</span> 
     </span>
     <span class='ocr_line' id='line_1_30' title="bbox 174 2695 2221 2767; baseline -0.002 -18"><span class='ocrx_word' id='word_1_232' title='bbox 174 2716 397 2767; x_wconf 87' lang='lat' dir='ltr'>mosque</span> <span class='ocrx_word' id='word_1_233' title='bbox 426 2698 604 2749; x_wconf 87' lang='lat' dir='ltr'>cordis</span> <span class='ocrx_word' id='word_1_234' title='bbox 645 2700 868 2750; x_wconf 82' lang='lat' dir='ltr'>affectus</span> <span class='ocrx_word' id='word_1_235' title='bbox 911 2700 1185 2750; x_wconf 84' lang='lat' dir='ltr'>miramur.</span> <span class='ocrx_word' id='word_1_236' title='bbox 1230 2699 1434 2767; x_wconf 85' lang='lat' dir='ltr'>Magna</span> <span class='ocrx_word' id='word_1_237' title='bbox 1473 2699 1637 2750; x_wconf 88' lang='lat' dir='ltr'>etiam</span> <span class='ocrx_word' id='word_1_238' title='bbox 1676 2698 1908 2750; x_wconf 82' lang='lat' dir='ltr'>oratoris</span> <span class='ocrx_word' id='word_1_239' title='bbox 1948 2695 2221 2746; x_wconf 86' lang='lat' dir='ltr'>industria</span> 
     </span>
     <span class='ocr_line' id='line_1_31' title="bbox 173 2778 2221 2851; baseline -0.002 -19"><span class='ocrx_word' id='word_1_240' title='bbox 173 2781 488 2849; x_wconf 87' lang='lat' dir='ltr'>resplendet</span> <span class='ocrx_word' id='word_1_241' title='bbox 523 2782 578 2830; x_wconf 90' lang='lat' dir='ltr'>in</span> <span class='ocrx_word' id='word_1_242' title='bbox 617 2783 816 2845; x_wconf 69' lang='lat' dir='ltr'>vei-bie,</span> <span class='ocrx_word' id='word_1_243' title='bbox 854 2800 974 2851; x_wconf 87' lang='lat' dir='ltr'>quae</span> <span class='ocrx_word' id='word_1_244' title='bbox 1018 2782 1148 2832; x_wconf 88' lang='lat' dir='ltr'>fecit</span> <span class='ocrx_word' id='word_1_245' title='bbox 1186 2781 1331 2832; x_wconf 88' lang='lat' dir='ltr'>idem</span> <span class='ocrx_word' id='word_1_246' title='bbox 1375 2782 1674 2850; x_wconf 83' lang='lat' dir='ltr'>Apostolus</span> <span class='ocrx_word' id='word_1_247' title='bbox 1713 2781 1782 2831; x_wconf 86' lang='lat' dir='ltr'>ad</span> <span class='ocrx_word' id='word_1_248' title='bbox 1821 2780 1904 2831; x_wconf 88' lang='lat' dir='ltr'>sui</span> <span class='ocrx_word' id='word_1_249' title='bbox 1947 2778 2221 2830; x_wconf 86' lang='lat' dir='ltr'>defensio-</span> 
     </span>
     <span class='ocr_line' id='line_1_32' title="bbox 173 2863 2222 2934; baseline -0.002 -18"><span class='ocrx_word' id='word_1_250' title='bbox 173 2884 315 2928; x_wconf 85' lang='lat' dir='ltr'>nem,</span> <span class='ocrx_word' id='word_1_251' title='bbox 369 2883 548 2915; x_wconf 87' lang='lat' dir='ltr'>coram</span> <span class='ocrx_word' id='word_1_252' title='bbox 603 2866 786 2917; x_wconf 84' lang='lat' dir='ltr'>Felice</span> <span class='ocrx_word' id='word_1_253' title='bbox 835 2872 890 2916; x_wconf 86' lang='lat' dir='ltr'>et</span> <span class='ocrx_word' id='word_1_254' title='bbox 940 2885 1120 2917; x_wconf 89' lang='lat' dir='ltr'>coram</span> <span class='ocrx_word' id='word_1_255' title='bbox 1180 2866 1445 2934; x_wconf 83' lang='lat' dir='ltr'>Agrippa.</span> <span class='ocrx_word' id='word_1_256' title='bbox 1489 2864 1672 2918; x_wconf 87' lang='lat' dir='ltr'>Variae</span> <span class='ocrx_word' id='word_1_257' title='bbox 1715 2865 1915 2934; x_wconf 87' lang='lat' dir='ltr'>passim</span> <span class='ocrx_word' id='word_1_258' title='bbox 1960 2863 2222 2931; x_wconf 87' lang='lat' dir='ltr'>leguntur</span> 
     </span>
     <span class='ocr_line' id='line_1_33' title="bbox 171 2946 2223 3017; baseline -0.002 -18"><span class='ocrx_word' id='word_1_259' title='bbox 171 2949 510 2999; x_wconf 87' lang='lat' dir='ltr'>narrationes</span> <span class='ocrx_word' id='word_1_260' title='bbox 555 2953 610 2999; x_wconf 91' lang='lat' dir='ltr'>et</span> <span class='ocrx_word' id='word_1_261' title='bbox 651 2949 1048 3017; x_wconf 89' lang='lat' dir='ltr'>descriptiones</span> <span class='ocrx_word' id='word_1_262' title='bbox 1088 2949 1247 3000; x_wconf 86' lang='lat' dir='ltr'>valde</span> <span class='ocrx_word' id='word_1_263' title='bbox 1289 2949 1619 3017; x_wconf 81' lang='lat' dir='ltr'>conspicuae,</span> <span class='ocrx_word' id='word_1_264' title='bbox 1661 2949 1804 2999; x_wconf 90' lang='lat' dir='ltr'>inter</span> <span class='ocrx_word' id='word_1_265' title='bbox 1844 2964 1976 3016; x_wconf 89' lang='lat' dir='ltr'>quas</span> <span class='ocrx_word' id='word_1_266' title='bbox 2017 2946 2223 2996; x_wconf 88' lang='lat' dir='ltr'>eminet</span> 
     </span>
     <span class='ocr_line' id='line_1_34' title="bbox 172 3028 2220 3102; baseline -0.001 -20"><span class='ocrx_word' id='word_1_267' title='bbox 172 3033 398 3083; x_wconf 85' lang='lat' dir='ltr'>historia</span> <span class='ocrx_word' id='word_1_268' title='bbox 437 3032 721 3085; x_wconf 89' lang='lat' dir='ltr'>laboriosae</span> <span class='ocrx_word' id='word_1_269' title='bbox 762 3033 1130 3102; x_wconf 85' lang='lat' dir='ltr'>navigationis</span> <span class='ocrx_word' id='word_1_270' title='bbox 1171 3032 1238 3083; x_wconf 91' lang='lat' dir='ltr'>ad</span> <span class='ocrx_word' id='word_1_271' title='bbox 1279 3034 1470 3084; x_wconf 88' lang='lat' dir='ltr'>urbem</span> <span class='ocrx_word' id='word_1_272' title='bbox 1512 3034 1759 3095; x_wconf 89' lang='lat' dir='ltr'>Romam,</span> <span class='ocrx_word' id='word_1_273' title='bbox 1809 3049 1927 3099; x_wconf 87' lang='lat' dir='ltr'>cap.</span> <span class='ocrx_word' id='word_1_274' title='bbox 1978 3028 2220 3080; x_wconf 89' lang='lat' dir='ltr'>XXVII.</span> 
     </span>
     <span class='ocr_line' id='line_1_35' title="bbox 175 3113 2218 3184; baseline -0.001 -20"><span class='ocrx_word' id='word_1_275' title='bbox 175 3114 343 3165; x_wconf 81' lang='lat' dir='ltr'>Totus</span> <span class='ocrx_word' id='word_1_276' title='bbox 393 3115 532 3166; x_wconf 89' lang='lat' dir='ltr'>liber</span> <span class='ocrx_word' id='word_1_277' title='bbox 584 3135 838 3184; x_wconf 85' lang='lat' dir='ltr'>magnam</span> <span class='ocrx_word' id='word_1_278' title='bbox 893 3116 1119 3167; x_wconf 88' lang='lat' dir='ltr'>exhibet</span> <span class='ocrx_word' id='word_1_279' title='bbox 1173 3114 1451 3166; x_wconf 82' lang='lat' dir='ltr'>scribendi</span> <span class='ocrx_word' id='word_1_280' title='bbox 1506 3115 1847 3175; x_wconf 88' lang='lat' dir='ltr'>facilitatem,</span> <span class='ocrx_word' id='word_1_281' title='bbox 1915 3113 2218 3164; x_wconf 88' lang='lat' dir='ltr'>dictionum</span> 
     </span>
     <span class='ocr_line' id='line_1_36' title="bbox 175 3196 2223 3266; baseline -0.001 -20"><span class='ocrx_word' id='word_1_282' title='bbox 175 3197 594 3260; x_wconf 80' lang='lat' dir='ltr'>accurationem,</span> <span class='ocrx_word' id='word_1_283' title='bbox 624 3199 977 3249; x_wconf 87' lang='lat' dir='ltr'>sobrietatem</span> <span class='ocrx_word' id='word_1_284' title='bbox 1020 3199 1370 3266; x_wconf 85' lang='lat' dir='ltr'>leporemque</span> <span class='ocrx_word' id='word_1_285' title='bbox 1401 3197 1702 3248; x_wconf 86' lang='lat' dir='ltr'>sermonis:</span> <span class='ocrx_word' id='word_1_286' title='bbox 1745 3196 1927 3246; x_wconf 89' lang='lat' dir='ltr'>omnia</span> <span class='ocrx_word' id='word_1_287' title='bbox 1962 3196 2127 3246; x_wconf 90' lang='lat' dir='ltr'>etiam</span> <span class='ocrx_word' id='word_1_288' title='bbox 2166 3198 2223 3244; x_wconf 88' lang='lat' dir='ltr'>et</span> 
     </span>
     <span class='ocr_line' id='line_1_37' title="bbox 177 3278 2221 3348; baseline -0 -21"><span class='ocrx_word' id='word_1_289' title='bbox 177 3278 413 3345; x_wconf 84' lang='lat' dir='ltr'>singula,</span> <span class='ocrx_word' id='word_1_290' title='bbox 470 3297 590 3347; x_wconf 89' lang='lat' dir='ltr'>quae</span> <span class='ocrx_word' id='word_1_291' title='bbox 637 3281 690 3329; x_wconf 87' lang='lat' dir='ltr'>in</span> <span class='ocrx_word' id='word_1_292' title='bbox 743 3299 804 3330; x_wconf 91' lang='lat' dir='ltr'>eo</span> <span class='ocrx_word' id='word_1_293' title='bbox 846 3281 1125 3346; x_wconf 82' lang='lat' dir='ltr'>leguntur,</span> <span class='ocrx_word' id='word_1_294' title='bbox 1177 3298 1554 3348; x_wconf 85' lang='lat' dir='ltr'>personarum,</span> <span class='ocrx_word' id='word_1_295' title='bbox 1602 3278 1866 3340; x_wconf 82' lang='lat' dir='ltr'>locorum,</span> <span class='ocrx_word' id='word_1_296' title='bbox 1914 3283 2221 3345; x_wconf 89' lang='lat' dir='ltr'>temporum</span> 
     </span>
     <span class='ocr_line' id='line_1_38' title="bbox 175 3358 2224 3431; baseline -0.001 -21"><span class='ocrx_word' id='word_1_297' title='bbox 175 3377 464 3428; x_wconf 87' lang='lat' dir='ltr'>rerumque</span> <span class='ocrx_word' id='word_1_298' title='bbox 508 3362 780 3430; x_wconf 88' lang='lat' dir='ltr'>adjunctis</span> <span class='ocrx_word' id='word_1_299' title='bbox 827 3370 952 3431; x_wconf 91' lang='lat' dir='ltr'>apte</span> <span class='ocrx_word' id='word_1_300' title='bbox 1000 3369 1128 3413; x_wconf 89' lang='lat' dir='ltr'>sunt</span> <span class='ocrx_word' id='word_1_301' title='bbox 1179 3362 1603 3413; x_wconf 86' lang='lat' dir='ltr'>accommodata.</span> <span class='ocrx_word' id='word_1_302' title='bbox 1662 3360 1770 3424; x_wconf 86' lang='lat' dir='ltr'>Sic,</span> <span class='ocrx_word' id='word_1_303' title='bbox 1823 3359 1979 3412; x_wconf 86' lang='lat' dir='ltr'>verbi</span> <span class='ocrx_word' id='word_1_304' title='bbox 2025 3358 2224 3428; x_wconf 84' lang='lat' dir='ltr'>gratia,</span> 
     </span>
     <span class='ocr_line' id='line_1_39' title="bbox 174 3442 2223 3512; baseline 0 -20"><span class='ocrx_word' id='word_1_305' title='bbox 174 3442 394 3493; x_wconf 85' lang='lat' dir='ltr'>dicendi</span> <span class='ocrx_word' id='word_1_306' title='bbox 430 3444 585 3507; x_wconf 87' lang='lat' dir='ltr'>rati0,</span> <span class='ocrx_word' id='word_1_307' title='bbox 627 3462 731 3512; x_wconf 88' lang='lat' dir='ltr'>qua</span> <span class='ocrx_word' id='word_1_308' title='bbox 776 3445 970 3496; x_wconf 87' lang='lat' dir='ltr'>Petrus</span> <span class='ocrx_word' id='word_1_309' title='bbox 1011 3445 1202 3507; x_wconf 89' lang='lat' dir='ltr'>utitur,</span> <span class='ocrx_word' id='word_1_310' title='bbox 1233 3444 1279 3495; x_wconf 88' lang='lat' dir='ltr'>si</span> <span class='ocrx_word' id='word_1_311' title='bbox 1307 3462 1427 3495; x_wconf 91' lang='lat' dir='ltr'>cum</span> <span class='ocrx_word' id='word_1_312' title='bbox 1460 3443 1616 3494; x_wconf 89' lang='lat' dir='ltr'>Pauli</span> <span class='ocrx_word' id='word_1_313' title='bbox 1655 3442 1911 3494; x_wconf 83' lang='lat' dir='ltr'>facundia</span> <span class='ocrx_word' id='word_1_314' title='bbox 1945 3459 2223 3510; x_wconf 87' lang='lat' dir='ltr'>compare-</span> 
     </span>
     <span class='ocr_line' id='line_1_40' title="bbox 174 3523 2223 3595; baseline -0.001 -19"><span class='ocrx_word' id='word_1_315' title='bbox 174 3529 281 3587; x_wconf 88' lang='lat' dir='ltr'>tur,</span> <span class='ocrx_word' id='word_1_316' title='bbox 315 3525 480 3593; x_wconf 90' lang='lat' dir='ltr'>longe</span> <span class='ocrx_word' id='word_1_317' title='bbox 524 3525 739 3578; x_wconf 85' lang='lat' dir='ltr'>diversa</span> <span class='ocrx_word' id='word_1_318' title='bbox 785 3527 1100 3589; x_wconf 82' lang='lat' dir='ltr'>videbitur3</span> <span class='ocrx_word' id='word_1_319' title='bbox 1149 3532 1204 3577; x_wconf 90' lang='lat' dir='ltr'>et</span> <span class='ocrx_word' id='word_1_320' title='bbox 1239 3526 1436 3577; x_wconf 86' lang='lat' dir='ltr'>merito</span> <span class='ocrx_word' id='word_1_321' title='bbox 1465 3524 1705 3595; x_wconf 88' lang='lat' dir='ltr'>quidem,</span> <span class='ocrx_word' id='word_1_322' title='bbox 1752 3543 1918 3594; x_wconf 89' lang='lat' dir='ltr'>quum</span> <span class='ocrx_word' id='word_1_323' title='bbox 1970 3525 2063 3575; x_wconf 87' lang='lat' dir='ltr'>ille</span> <span class='ocrx_word' id='word_1_324' title='bbox 2107 3523 2223 3574; x_wconf 90' lang='lat' dir='ltr'>He-</span> 
     </span>
    </p>
   </div>
   <div class='ocr_carea' id='block_1_7' title="bbox 173 3606 2300 3678">
    <p class='ocr_par' dir='ltr' id='par_1_9' title="bbox 173 3606 2419 3678">
     <span class='ocr_line' id='line_1_41' title="bbox 173 3606 2300 3678; baseline -0.002 -19"><span class='ocrx_word' id='word_1_325' title='bbox 173 3608 355 3660; x_wconf 84' lang='lat' dir='ltr'>braeus</span> <span class='ocrx_word' id='word_1_326' title='bbox 397 3614 544 3659; x_wconf 83' lang='lat' dir='ltr'>esset</span> <span class='ocrx_word' id='word_1_327' title='bbox 587 3608 764 3678; x_wconf 83' lang='lat' dir='ltr'>patria</span> <span class='ocrx_word' id='word_1_328' title='bbox 803 3614 859 3660; x_wconf 87' lang='lat' dir='ltr'>et</span> <span class='ocrx_word' id='word_1_329' title='bbox 897 3625 1175 3672; x_wconf 85' lang='lat' dir='ltr'>sermone,</span> <span class='ocrx_word' id='word_1_330' title='bbox 1223 3607 1309 3659; x_wconf 85' lang='lat' dir='ltr'>hic</span> <span class='ocrx_word' id='word_1_331' title='bbox 1351 3625 1498 3672; x_wconf 86' lang='lat' dir='ltr'>ver0,</span> <span class='ocrx_word' id='word_1_332' title='bbox 1529 3606 1585 3659; x_wconf 87' lang='lat' dir='ltr'>in</span> <span class='ocrx_word' id='word_1_333' title='bbox 1626 3607 2004 3660; x_wconf 85' lang='lat' dir='ltr'>Asia-Minore</span> <span class='ocrx_word' id='word_1_334' title='bbox 2044 3612 2226 3669; x_wconf 68' lang='lat' dir='ltr'>natue,</span> <span class='ocrx_word' id='word_1_335' title='bbox 2295 3663 2300 3666; x_wconf 78' lang='lat'><em>.</em></span> 
     </span>
    </p>
   </div>
   <div class='ocr_carea' id='block_1_8' title="bbox 2226 3443 2430 3714">
    <p class='ocr_par' dir='ltr' id='par_1_10' title="bbox 2226 3443 2430 3714">
     <span class='ocr_line' id='line_1_42' title="bbox 2226 3443 2430 3714; baseline 0 0"><span class='ocrx_word' id='word_1_336' title='bbox 2226 3443 2430 3714; x_wconf 95' lang='lat' dir='ltr'>   </span> 
     </span>
    </p>
   </div>
   <div class='ocr_carea' id='block_1_9' title="bbox 1479 0 2430 314">
    <p class='ocr_par' dir='ltr' id='par_1_11' title="bbox 1479 0 2430 314">
     <span class='ocr_line' id='line_1_43' title="bbox 1479 0 2430 314; baseline 0 3716"><span class='ocrx_word' id='word_1_337' title='bbox 1479 0 2430 314; x_wconf 95' lang='lat' dir='ltr'> </span> 
     </span>
    </p>
   </div>
  </div>
 </body>
</html>
