2430 4030
605 360 885 397 murriones
925 362 1200 400 PRAEGIPUAE
1239 365 1434 401 'rnx'rus
1471 368 1652 405 ρωποι.
2073 358 2140 408 39

181 490 262 544 Ut
305 496 489 543 autem
528 491 742 560 plenius
771 493 1154 563 intelligantur
1195 514 1316 566 quae
1354 499 1541 550 statim
1564 500 1730 551 0dicta
1757 507 1900 565 sunt,
1930 509 2146 570 oportet

107 596 326 642 causam
370 582 561 630 notare
607 578 677 629 ob
726 597 887 648 quam
931 580 1122 649 primae
1158 586 1343 634 textus
1380 578 1548 651 grae‘ci
1585 585 1854 638 editiones
1893 605 1921 637 e
1957 605 2143 639 manu-

109 660 333 729 scriptis
384 659 606 712 familiae
661 659 1284 730 Constantinopolitanae
1336 668 1793 733 promanaverint.
1845 668 2144 738 'Postquam

109 761 158 794 a.
210 742 350 794 1453
404 741 597 794 Turcae
651 741 1184 812 Constantinopolim
1231 753 1587 815 occuparunt,
1634 748 1941 800 Graecorum
1986 752 2146 802 multi

109 843 234 878 cum
288 824 570 876 codicibus
626 825 740 876 suis
794 826 851 876 in
905 825 1260 878 Occidentem
1313 829 1593 898 fugerunt,
1647 831 1740 883 ubi
1794 833 1982 884 eodem
2035 834 2146 884 fere

110 914 359 976 tempore
387 906 569 959 studia
596 907 823 959 classica
850 908 1253 961 reviviscebant
1274 930 1289 972 3
1322 917 1394 974 et,
1426 911 1554 963 dum
1583 913 1887 982 antiquiora
1912 913 2147 983 AEgypti

108 990 448 1059 exemplaria
506 990 650 1060 (quae
699 990 961 1042 familiam
1018 993 1444 1045 Alexandrinam
1484 997 1845 1063 constituunt)
1890 998 1945 1047 in
1985 997 2146 1048 bibli-

110 1072 323 1126 othecis
366 1073 779 1138 delitescerent,
822 1091 920 1141 per
962 1073 1279 1126 diuturnum
1327 1079 1586 1145 temporis
1626 1079 1861 1147 spatium
1900 1079 2011 1130 fere
2049 1081 2148 1131 soli

110 1156 330 1209 codices
371 1157 704 1208 recentiores
751 1173 780 1208 e
826 1157 1031 1208 familia
1079 1156 1686 1228 Constantinopolitana
1734 1162 1863 1213 viris
1918 1162 2147 1213 eruditis

113 1240 498 1292 innotuerunt.

189 1322 312 1374 Jam
369 1340 514 1386 vero,
569 1322 774 1374 nostris
828 1322 1022 1375 diebus
1070 1340 1256 1374 omnes
1303 1325 1405 1375 viri
1450 1324 1595 1376 docti
1648 1326 1886 1376 fatentur
1938 1326 2151 1377 codices

115 1405 336 1479 familiae
366 1404 1014 1475 Constantinopolitanae,
1045 1405 1188 1474 quod
1220 1414 1273 1458 et
1313 1409 1691 1460 auctoritatem
1719 1414 1775 1460 et
1803 1409 2150 1460 accuritatem

115 1488 335 1551 attinet,
389 1487 699 1556 generatim
753 1505 874 1539 esse
927 1488 1152 1538 minoris
1206 1489 1368 1557 pretii
1434 1507 1593 1558 quam
1658 1489 1873 1541 codices
1937 1488 2151 1539 familiae

118 1571 513 1624 Alexandrinae
563 1589 659 1624 seu
711 1572 984 1624 Africanae
1027 1593 1037 1624 :
1081 1571 1137 1622 hi
1176 1572 1317 1623 enim
1361 1580 1415 1624 et
1459 1574 1703 1642 puriores
1745 1579 1873 1624 sunt
1917 1579 1970 1623 et
2015 1573 2151 1622 anti-

121 1656 357 1725 quioreS,
407 1661 469 1707 ut
513 1655 872 1718 *Griesbach,
925 1655 1275 1707 *Lachmann
1324 1663 1379 1708 et
1427 1657 1824 1708 >¹<Tischendorf
1864 1656 2154 1723 diligenter

121 1739 586 1793 demonstrarunt.
637 1739 721 1790 Ex
767 1739 851 1790 his
891 1745 1074 1790 autem
1115 1739 1394 1791 codicibus
1435 1740 1750 1791 melioribus
1790 1739 2032 1791 confecta
2075 1742 2156 1788 est

124 1827 284 1876 vetus
327 1823 468 1876 Itala
513 1830 568 1874 et
612 1822 858 1892 Vulgata
902 1828 1089 1875 nostra
1139 1823 1581 1892 Hieronymiana.

198 1904 334 1970 Quae
398 1905 620 1976 quidem
686 1907 868 1957 omnia
921 1906 966 1957 si
1018 1911 1163 1957 recte
1218 1906 1631 1974 perspiciantur,
1698 1904 1889 1955 mirum
1953 1901 2155 1953 nemini

122 1987 425 2052 videbitur,
480 1988 536 2039 in
590 1988 777 2040 multis
830 1989 958 2040 novi
1011 1988 1350 2039 Testamenti
1402 1987 1533 2038 locis
1586 1987 1843 2038 lectiones
1896 1984 2152 2053 Vulgatae

124 2075 327 2124 nostrae
373 2071 712 2124 editionibus
756 2076 942 2123 textus
989 2071 1155 2139 graeci
1201 2070 1414 2139 Recepti
1459 2069 1825 2139 praeferendas
1870 2085 2004 2119 esse.

201 2154 311 2208 Sed
341 2155 456 2208 haec
486 2155 750 2208 hactenus
780 2175 791 2207 :
822 2161 949 2224 post
990 2159 1073 2205 tot
1112 2159 1167 2205 et
1205 2158 1387 2205 tantos
1416 2150 1827 2205 Introduc-tionis
1857 2167 2153 2211 sermones,

128 2239 198 2292 ad
240 2239 620 2309 explicandam
664 2258 707 2292 s,
758 2238 921 2290 Lucae
964 2239 1328 2289 narrationem
1373 2236 1692 2287 festinemus
1735 2237 1966 2302 oportet.

126 2384 210 2442 qui
248 2385 300 2428 in
335 2383 568 2443 AEgypto,
609 2383 852 2440 praecipue
893 2381 1215 2432 Alexandriae‚
1256 2380 1435 2424 exarati
1477 2383 1606 2429 sunt,
1649 2382 1696 2420 et
1733 2391 1819 2432 per
1858 2374 2066 2418 Africam
2109 2377 2156 2417 et

127 2455 319 2500 Italiam
346 2457 558 2512 primum
575 2454 816 2512 divulgati
835 2454 1047 2498 fuerunt.
1067 2452 1237 2495 Altera
1253 2458 1413 2494 autem
1432 2449 1609 2492 familia
1630 2444 2157 2501 Constantinopolitano-

127 2526 374 2571 orientalis
395 2531 486 2579 est,
506 2525 566 2570 ad
588 2539 734 2583 quam
759 2530 980 2583 spectant
1005 2522 1335 2578 manuscripta
1357 2534 1463 2577 quae
1489 2519 1537 2563 in
1562 2517 1692 2570 Asia,
1717 2517 1896 2561 Graecia
1919 2522 1966 2558 et
1991 2513 2157 2557 insulis

131 2597 354 2644 finitimis
375 2598 578 2642 fuerunt
602 2601 811 2641 exarata.
