2430 4030
230 269 295 319 10
702 285 1052 321 INTRODUOTIO
1094 286 1149 320 lN
1187 285 1353 322 Ao'rus
1391 287 1791 325 Aros'rOLonum.

300 420 383 472 Ex
447 419 532 472 his
599 419 932 488 intelligitur
996 437 1093 470 cur
1160 425 1243 471 tot
1310 425 1570 490 tantaque
1635 421 1780 474 facta
1845 423 2047 475 omissa
2106 425 2273 478 sint:

223 507 413 553 auctor
459 502 600 552 enim
646 521 676 552 a
725 501 935 570 Spiritu
979 506 1167 553 sancto
1210 501 1471 554 inductus
1519 503 1625 555 fuit
1672 503 1740 556 ad
1788 523 1850 556 ea
1894 508 2276 560 tautummodo

222 584 525 648 tractanda,
575 602 695 652 quae
739 585 972 652 ipsemet
1015 585 1232 636 viderat
1271 589 1327 636 et
1365 585 1630 650 audierat,
1675 587 1894 656 quando
1935 589 2277 642 familiariter

221 685 340 718 cnm
382 685 424 718 s.
471 667 635 718 Paulo
664 667 883 735 agebat,
915 668 1000 719 vel
1029 685 1150 736 quae
1177 667 1233 717 in
1264 667 1610 719 documentis
1639 670 1880 738 scriptiS,
1911 670 2113 739 quibus
2144 691 2273 724 usus

219 749 455 814 videtur,
503 749 843 814 inveniebat,
890 751 977 802 vel
1025 750 1260 819 denique
1308 768 1428 818 quae
1473 751 1611 802 scire
1655 754 1964 820 praesertim
2014 754 2273 822 cupiebat

217 833 569 902 Theophilus,
624 851 854 902 quaeque
908 833 1013 901 ipsi
1067 833 1298 903 aliisque
1346 834 1472 885 libri
1521 835 1818 886 lectoribus
1867 838 2043 904 magis
2091 838 2272 889 forent

218 917 390 968 utilia.
433 917 571 967 Inde
611 916 774 967 etiam
815 916 1095 984 detegitur
1135 917 1274 968 ratio
1315 917 1384 968 ob
1428 934 1590 985 quam
1630 918 1830 969 librum
1863 920 1930 970 ad
1969 920 2268 972 adventum

221 1000 373 1051 Pauli
420 1000 645 1050 Romam
693 999 1001 1061 concludat,
1058 1000 1305 1067 quamvis
1360 1018 1423 1051 ea
1477 1018 1597 1068 quae
1649 1002 1743 1065 ibi,
1791 1003 1845 1051 in
1894 1004 2074 1071 capite
2121 1004 2270 1055 orbis

220 1084 466 1146 Romani,
513 1091 735 1151 peracta
778 1082 993 1133 fuerant
1041 1100 1138 1150 pro
1183 1082 1466 1134 fundanda
1511 1082 1621 1133 fide
1671 1101 1840 1152 eaque
1894 1086 2269 1153 propaganda,

221 1166 440 1217 maximi
483 1170 669 1216 essent
714 1165 996 1216 momenti.

292 1247 602 1301 Secundum
656 1246 793 1297 hanc
847 1247 1179 1315 opinionem,
1237 1247 1511 1299 sententia
1566 1249 1841 1315 generalis
1888 1254 1943 1301 et
1992 1250 2266 1318 primaria,

217 1351 321 1400 qua
385 1331 454 1382 ad
519 1330 754 1398 logicam
832 1331 1241 1399 perfectamque
1308 1331 1722 1399 compositionis
1789 1332 2058 1384 unitatem
2126 1352 2264 1402 opus

215 1416 527 1467 universum
574 1413 884 1477 reducatur,
930 1415 1222 1482 quaerenda
1265 1433 1375 1465 non
1418 1420 1519 1465 est.
1577 1416 1839 1466 Attamen
1881 1435 1911 1467 a
1953 1435 2080 1469 vero
2122 1417 2267 1468 haud

213 1498 443 1549 multum
493 1498 671 1549 aberit
715 1496 808 1564 qui
853 1502 1175 1565 sequentem
1221 1497 1375 1564 scopi
1424 1502 1479 1547 et
1523 1498 1838 1565 argumenti
1886 1499 2263 1552 definitionem

211 1582 494 1648 amplexus
539 1581 727 1632 fuerit.

289 1664 555 1731 Definitio.
589 1665 827 1714 Actuum
857 1662 995 1713 liber
1024 1668 1108 1713 est
1137 1663 1321 1714 brevis
1362 1663 1633 1731 quaedam,
1667 1682 1773 1714 non
1804 1670 1988 1715 autem
2028 1667 2262 1735 integra,

216 1747 441 1798 historia
496 1746 756 1797 Ecclesiae
809 1745 1141 1808 christianae,
1199 1746 1387 1814 primis
1443 1752 1570 1814 post
1624 1747 2003 1799 fundationem
2053 1756 2261 1818 tempo-

212 1831 381 1894 ribus,
427 1830 731 1899 praesertim
777 1835 1048 1897 quatenus
1096 1848 1260 1896 opera
1306 1848 1347 1880 S.
1402 1830 1549 1880 Petri
1598 1831 1654 1881 in
1709 1831 2076 1896 Palaestinam,
2125 1839 2180 1885 et
2220 1852 2263 1887 s.

216 1914 367 1964 Pauli
414 1914 469 1964 in
517 1913 648 1964 alias
697 1913 973 1980 regiones,
1024 1917 1330 1981 propagata
1378 1912 1482 1964 fuit
1535 1935 1544 1965 ε
1597 1932 1718 1982 quae
1774 1915 1992 1983 quidem
2039 1916 2267 1968 historia

210 1998 267 2047 in
296 1998 439 2047 hunc
467 1996 739 2065 praecipue
768 1995 930 2046 finem
954 1995 1261 2063 proximum
1299 1995 1403 2045 fuit
1444 1996 1738 2059 elaborata,
1783 2006 1859 2060 ut,
1902 1998 1955 2048 in
1998 2006 2262 2068 quantum

210 2079 528 2148 Theophilo‚
574 2079 801 2147 aliisque
855 2079 1055 2147 quibus
1110 2078 1343 2145 primum
1401 2078 1674 2131 destinata
1721 2087 1854 2144 erat,
1897 2099 2123 2132 necesse
2171 2090 2267 2133 aut

212 2163 343 2214 utile
398 2167 560 2225 esset,
625 2167 840 2229 pateret
907 2161 1269 2228 Evangelinm
1336 2162 1640 2228 gentilibus
1707 2181 1860 2231 aeque
1926 2181 1987 2214 ac
2054 2164 2263 2217 Judaeis

210 2246 574 2296 nuntiandum
631 2262 748 2295 esse
807 2244 898 2310 (cf.
953 2244 1235 2293 historiam
1294 2243 1531 2294 Cornelii
1586 2247 1941 2309 centurionis,
1997 2265 2113 2316 cap.
2164 2248 2258 2315 X),

209 2330 521 2398 neminique
566 2328 704 2394 legis
746 2326 1002 2377 Mosaicae
1042 2331 1136 2376 aut
1176 2326 1607 2377 circumcisionis
1648 2328 2054 2380 observantiam
2084 2331 2258 2399 impo-

210 2414 443 2465 nendam
473 2431 589 2463 esse
635 2412 723 2473 (cf.
774 2429 889 2478 cap.
938 2409 1061 2472 XV,
1116 2410 1209 2460 ubi
1253 2410 1318 2460 de
1367 2411 1599 2462 concilio
1648 2412 2158 2482 Jerosolymitano).

283 2496 389 2546 Hic
418 2502 598 2546 tamen
626 2495 751 2544 finis
774 2493 1050 2560 promimus
1080 2510 1421 2561 nequaquam
1453 2494 1697 2545 excludit
1725 2496 1957 2546 alterum
1986 2503 2256 2561 remotum,

210 2579 420 2628 ratione
467 2577 620 2645 cujus
681 2576 853 2626 Lucas
907 2582 1197 2644 utrumque
1251 2575 1473 2639 librum,
1531 2577 1896 2645 Evangelium
1953 2586 2007 2630 et
2063 2583 2255 2642 Actus,

209 2661 490 2728 scripserit
555 2660 717 2711 etiam
782 2665 859 2720 ut,
917 2677 1013 2727 per
1073 2664 1382 2709 accuratam
1451 2661 1819 2712 narrationem
1886 2681 2072 2714 corum
2133 2683 2255 2732 quae

211 2740 459 2793 Christus
505 2747 559 2793 et
600 2742 853 2810 Apostoli
893 2742 949 2791 in
990 2741 1257 2809 religione
1299 2743 1689 2793 constituenda
1729 2752 2041 2811 gesserunt,
2091 2746 2256 2796 fidem

204 2827 644 2890 christianorum,
687 2826 781 2895 qui
829 2826 944 2877 haec
993 2826 1261 2893 legerent,
1310 2827 1596 2894 perficeret
1645 2829 2128 2898 confirmaretque.

947 3090 974 3155 ᾧ
1019 3087 1069 3139 5.
1112 3087 1314 3138 Divisio
1357 3087 1502 3138 libri.

282 3312 515 3360 Actuum
559 3308 698 3358 liber
738 3309 792 3358 in
841 3308 973 3359 duas
1017 3314 1200 3376 partes
1245 3308 1528 3359 commode
1571 3308 1857 3371 dividitur,
1903 3310 2153 3376 quamvis
2198 3309 2252 3361 id

206 3413 312 3445 non
356 3393 495 3442 ferat
537 3391 855 3441 manifestus
897 3392 1138 3442 auctoris
1182 3391 1306 3441 finis
1356 3410 1454 3442 nec
1502 3409 1655 3442 mens
1705 3392 1820 3460 ejus
1866 3398 2032 3442 certa.

280 3477 344 3526 In
389 3476 568 3543 priore
609 3482 781 3542 parte,
821 3492 938 3541 cap.
997 3474 1022 3524 Ι
1081 3503 1142 3511 --
1198 3474 1334 3536 XII,
1391 3492 1512 3543 quae
1566 3474 1766 3528 decem,
1807 3475 2025 3544 circiter
2077 3494 2250 3528 annos

204 3557 603 3626 complectitur,
651 3556 815 3608 variae
868 3557 1240 3625 apostolorum
1294 3557 1634 3626 aliorumque
1685 3557 2108 3609 christianorum
2163 3577 2249 3610 res
