2430 4030
215 318 281 369 56
762 331 924 367 Aeros
963 331 1354 378 APOSTOLORUM,
1397 315 1475 379 ΙΙ,
1520 318 1705 368 14-41.

211 466 302 532 gia
343 465 397 513 in
441 464 580 515 eoelo
626 481 860 525 sursum,
907 473 963 514 et
1006 465 1166 532 signa
1210 466 1263 514 in
1311 477 1457 514 terra
1495 465 1770 527 deorsum,
1812 464 2158 531 sanguinem,
2199 467 2256 512 et

131 545 186 585 20
209 547 413 615 ignem,
445 553 500 597 et
528 565 782 614 vaporem
812 547 946 596 fumi
979 568 987 597 :
1022 551 1052 587 ²¹<
1083 548 1163 598 sol
1190 553 1540 598 convertetur
1568 547 1626 597 in
1656 546 1933 609 tenebras,
1963 552 2019 597 et
2046 545 2174 596 luna
2199 544 2255 595 in

207 631 549 699 sanguinem,
579 637 874 699 antequam
904 631 1088 681 veniat
1116 630 1232 681 dies
1276 630 1497 682 Domini
1539 648 1773 699 magnus
1816 636 1871 681 et
1910 629 2254 681 manifestae.

203 815 340 875 vobis
378 815 638 860 obveniant
678 815 774 859 ista
810 814 946 866 mala,
984 829 1151 859 verum
1195 814 1277 858 Dei
1319 814 1522 866 cultum,
1565 829 1592 858 a
1632 815 1830 860 Christo
1873 815 2050 859 Messia
2090 816 2256 858 vestro

205 886 580 943 promulgatum,
604 899 747 943 quem
770 885 906 929 vobis
924 884 1026 942 jam
1050 885 1360 942 expositurus
1395 899 1518 936 sum,
1553 886 1705 930 nolite
1738 884 1956 943 abjicere.
1993 885 2155 942 Atque
2177 883 2255 927 hie

204 961 278 1003 est
310 971 461 1000 nexus
494 970 637 1014 quem
673 955 936 999 statuimus
972 956 1098 1000 inter
1135 962 1394 1013 utramque
1427 956 1661 999 orationis
1696 962 1897 1012 partem.

268 1027 494 1070 PRomelA
545 1031 632 1070 ete.
683 1025 917 1069 Nonnulli
968 1025 1071 1070 haee
1123 1025 1408 1082 intelligunt
1466 1025 1524 1069 de
1579 1026 1818 1082 prodigiis
1867 1041 1975 1083 quae
2022 1024 2254 1068 ultimum

198 1095 433 1152 judicium
476 1095 767 1150 praecedent,
807 1095 945 1152 quasi
985 1110 1019 1138 s.
1064 1095 1236 1139 Petrus
1282 1095 1351 1137 ita
1390 1095 1766 1141 ratiocinaretur
1801 1116 1810 1140 :
1855 1094 2076 1153 prodigia
2115 1093 2255 1138 modo

199 1172 393 1223 peraeta
425 1166 573 1211 nolite
606 1167 787 1218 mirari,
824 1181 934 1209 nam
970 1165 1163 1223 majora,
1202 1172 1326 1209 teste
1370 1166 1520 1217 Joele,
1554 1167 1604 1210 in
1639 1167 1807 1210 mundi
1840 1167 1972 1211 exitu
2013 1165 2251 1209 evenient.

201 1237 295 1281 Sed
329 1242 460 1281 totus
495 1243 749 1281 contextus
787 1237 897 1280 huie
935 1237 1189 1280 sententiae
1225 1251 1500 1292 repugnare
1535 1237 1746 1281 videtur.
1785 1237 1911 1293 Quid
1944 1237 2086 1287 enim,
2121 1234 2251 1287 cedo,

196 1306 292 1351 hue
315 1308 580 1364 important
603 1307 826 1364 prodigia
853 1308 899 1350 in
923 1308 1017 1350 fine
1045 1307 1317 1350 seculorum
1342 1307 1617 1352 eventura?
1652 1308 1763 1351 Nisi
1786 1307 2117 1357 admittamus,
2141 1319 2250 1349 eum

199 1375 423 1432 Bisping,
461 1377 652 1420 Petrum
678 1377 727 1419 in
752 1377 872 1420 falsa
896 1380 1144 1420 versatum
1173 1376 1324 1420 fuisse
1348 1377 1586 1432 opinione,
1624 1378 1830 1421 alterum
1866 1376 2049 1421 Christi
2076 1375 2251 1419 adven-

198 1451 302 1491 tum
333 1446 475 1499 (diem
497 1447 694 1491 Domini
717 1449 955 1504 maqnum)
995 1454 1042 1491 et
1075 1447 1327 1491 interitum
1363 1462 1527 1491 rerum
1566 1450 1781 1492 omnium
1816 1447 2034 1505 proxima
2066 1446 2249 1490 fuisse:

197 1530 293 1574 quo
325 1518 499 1573 posito,
533 1517 835 1562 denuntiatio
872 1517 1014 1561 istius
1045 1517 1192 1561 eladis
1228 1524 1342 1561 nata
1374 1518 1550 1562 fuisset
1583 1519 1781 1564 Judaeos
1814 1521 1874 1563 ad
1914 1517 2249 1575 poenitentiam

198 1587 420 1632 excitare.
457 1586 551 1631 Sed
588 1602 721 1631 error
755 1587 864 1639 iste,
898 1587 938 1631 si
971 1587 1131 1632 verbis
1171 1587 1477 1643 exprimatur
1509 1589 1558 1631 in
1603 1588 1870 1647 Scriptura,
1904 1588 2024 1632 mihi
2057 1586 2250 1631 videtur

198 1658 329 1702 haud
374 1658 512 1703 facile
553 1660 799 1703 eoneiliari
844 1673 983 1712 posse
1028 1673 1137 1701 eum
1177 1659 1340 1703 divina
1389 1659 1725 1715 inspiratione.
1767 1661 1931 1718 Atque
1977 1659 2098 1711 ideo,
2137 1672 2247 1702 eum

199 1742 236 1771 s.
263 1727 429 1783 Chrys.
462 1728 531 1781 (in
554 1727 682 1771 hune
706 1727 811 1781 loe.)
837 1733 885 1771 et
910 1743 946 1770 s,
973 1727 1155 1785 Oyrillo
1183 1727 1383 1782 (Catena
1409 1743 1551 1784 graee.
1581 1729 1799 1784 Patrum)
1829 1735 1994 1785 putem
2023 1741 2107 1783 per
2129 1726 2250 1771 diem

197 1798 408 1850 Domini,
431 1812 574 1854 quem
600 1798 826 1855 prodigia
857 1798 938 1842 illa
970 1797 1258 1854 praecedent,
1283 1798 1532 1854 designari
1566 1799 1643 1843 hie
1676 1804 1732 1843 ut
1766 1799 1879 1843 alibi
1914 1812 2041 1855 saepe
2077 1799 2139 1852 (v.
2174 1811 2247 1854 gr.

195 1869 324 1925 apud
347 1869 570 1913 eumdem
595 1869 782 1913 Joelem
818 1870 885 1921 II,
921 1871 1012 1924 11),
1047 1878 1238 1926 tempus
1271 1882 1365 1927 quo
1404 1870 1531 1915 Deus
1568 1886 1795 1927 magnam
1824 1871 2035 1928 aliquam
2068 1869 2249 1913 immis-

197 1954 346 1983 surus
386 1941 449 1984 sit
484 1955 677 1996 poenam
713 1946 799 1984 aut
841 1941 1178 1992 calamitatem,
1226 1941 1454 1986 videlicet
1501 1943 1695 1999 quando
1739 1942 2078 2000 Hierosolyma
2125 1939 2247 1985 duee

197 2009 307 2054 Tito
338 2010 562 2054 funditus
595 2010 895 2055 destruetur.

257 2079 493 2124 PRomGIA
515 2092 565 2124 IN
590 2093 731 2124 eonLo
765 2082 832 2133 (tn
868 2083 989 2135 aere)
1027 2094 1082 2124 ET
1115 2094 1164 2124 ΙΝ
1197 2094 1350 2124 TERRA
1376 2101 1384 2125 :
1407 2081 1686 2140 hujusmodi
1712 2082 1921 2139 plurima
1944 2081 1993 2126 id
2016 2080 2249 2139 temporis

199 2150 298 2194 visa
348 2151 512 2202 fuisse,
555 2157 720 2194 narrat
757 2152 997 2195 Flavius
1039 2151 1335 2208 Josephus,
1380 2152 1448 2195 De
1486 2152 1598 2196 bello
1638 2153 1840 2197 Judaieo
1882 2152 1970 2204 VI,
2019 2151 2059 2204 5,
2105 2151 2144 2195 3.
2191 2175 2248 2183 —

199 2219 491 2264 SANGUINEM
520 2240 528 2265 :
554 2222 695 2265 multi
718 2222 990 2278 sanquinem
1018 2222 1403 2278 interpretantur
1427 2223 1798 2267 cruentissimam
1832 2227 2059 2280 straqem;
2094 2234 2249 2266 IGNEM

195 2303 251 2333 ΕΤ
270 2303 489 2334 VAPOREM
509 2303 641 2343 FUMt,
665 2291 882 2334 incendia
904 2290 1035 2334 urbis
1060 2295 1098 2334 et
1122 2291 1310 2348 templi;
1346 2306 1531 2343 verum,
1557 2307 1704 2350 quum
1731 2301 1905 2349 agatur
1930 2293 1989 2337 de
2011 2293 2246 2350 prodigiis

195 2366 243 2404 et
266 2361 437 2416 signis,
461 2375 546 2416 per
569 2361 840 2417 sanquinem
870 2361 1189 2417 intelligimus
1218 2362 1433 2417 pluviam
1459 2364 1775 2419 sanguineam
1802 2363 1858 2407 de
1884 2378 1977 2421 qua
2001 2363 2246 2420 Josephus

196 2430 378 2483 scribit,
404 2445 487 2487 per
509 2431 661 2486 iynem
696 2431 850 2486 ignita
884 2431 1102 2487 quaedam
1127 2431 1175 2474 in
1202 2446 1310 2474 aere
1338 2431 1671 2488 phaenomena,
1697 2439 1744 2477 et
1771 2447 1855 2488 per
1877 2448 2094 2490 vaporem
2112 2432 2247 2490 fumi

195 2515 424 2557 vaporem
461 2501 618 2545 instar
658 2502 792 2552 fumi,
832 2501 964 2545 sumo
1002 2502 1227 2553 similem,
1267 2516 1289 2544 e
1333 2507 1462 2546 terra
1500 2507 1677 2554 ortum,
1718 2518 1801 2548 seu
1835 2504 2082 2548 columnas
2123 2503 2245 2548 fumi

196 2572 360 2629 quales
393 2571 444 2614 in
477 2577 619 2615 terrae
658 2576 789 2615 motu
824 2586 849 2614 e
882 2571 1213 2627 penetralibus
1246 2577 1391 2616 terrae
1426 2587 1553 2629 saepe
1589 2578 1868 2630 erumpunt.

255 2641 327 2685 20.
355 2639 447 2684 Sor.
471 2645 560 2684 ete.
588 2640 879 2697 Hyperbole‚
904 2641 1098 2697 ingenio
1125 2639 1447 2684 Orientalium
1471 2642 1714 2687 audaciori
1742 2641 2114 2696 accommodata,
2138 2656 2246 2700 quae

194 2710 283 2754 hae
314 2710 502 2754 ratione
534 2710 708 2753 nititur
743 2725 885 2767 quam
919 2711 1070 2754 tradit
1095 2726 1130 2753 s.
1159 2711 1292 2754 Hier.
1318 2710 1395 2764 (ad
1419 2710 1541 2755 Joel.
1570 2711 1636 2763 11,
1663 2713 1738 2766 10)
1767 2732 1775 2756 :
1803 2712 1998 2757 adversa
2023 2714 2243 2770 (praeser-

195 2780 282 2824 tim
323 2780 694 2835 terribilissima)
730 2780 1031 2838 patientibus,
1068 2795 1166 2838 pree
1207 2781 1397 2825 terroris
1431 2782 1774 2838 maynitudine,
1807 2783 1966 2828 coelum
1998 2798 2127 2828 ruere
2159 2786 2245 2827 ter-

192 2867 383 2910 ramque
404 2852 639 2910 fluctuare
673 2853 834 2898 videri.
866 2852 1048 2898 Similis
1074 2853 1229 2913 figura
1252 2853 1299 2895 in
1332 2853 1606 2909 Scripturis
1640 2855 1850 2900 occurrit
1873 2869 2206 2912 saepenumero
2233 2873 2243 2899 :

194 2921 262 2965 sie
286 2922 413 2966 idem
447 2922 550 2966 Joel
586 2922 652 2975 ΙΙ,
691 2924 747 2967 10
780 2922 927 2966 dicit:
955 2922 1133 2978 Afacte
1154 2921 1250 2978 ejus
1279 2922 1514 2977 (agminis
1549 2921 1950 2978 locustarum)...2.
1973 2924 2041 2969 sol
2067 2927 2107 2968 et
2128 2924 2244 2969 lana

85 2964 115 2998 '³1
195 2991 476 3035 obtenebrati
506 2995 628 3045 sunt,
653 2998 740 3036 ete,
768 2991 838 3036 Of.
865 2992 930 3035 Is,
953 2991 1098 3043 XIII,
1126 2991 1180 3034 10
1205 2991 1262 3034 de
1285 2992 1426 3034 ruina
1462 2991 1755 3050 Babylonis3
1790 2994 1981 3046 XXIV,
2014 2994 2071 3038 18
2105 3008 2244 3052 sqq.;

195 3062 432 3114 XXXIV,
455 3065 482 3106 4
505 3070 621 3115 ete.;
659 3063 832 3107 Ezeeh.
857 3062 1076 3114 XXXII,
1102 3063 1126 3108 7
1148 3062 1206 3105 de
1229 3061 1444 3119 AEgypto
1469 3064 1730 3116 vastanda3
1765 3065 1938 3122 Aggaei
1963 3065 2032 3118 ΙΙ,
2053 3065 2108 3108 21
2136 3078 2241 3123 sqq.

195 3131 378 3177 Utrum
417 3133 511 3178 hue
551 3133 828 3190 pertineant
870 3133 1045 3179 Matth.
1084 3132 1270 3184 XXIV,
1312 3133 1370 3176 29
1413 3133 1481 3178 sol
1518 3133 1840 3179 obscurabitur
1878 3142 1985 3187 ete„
2022 3135 2241 3180 dubitem

196 3204 350 3256 valde,
374 3204 611 3262 siquidem
639 3205 859 3250 Salvator
883 3205 1135 3249 interitum
1162 3204 1331 3247 mundi
1364 3204 1430 3248 ibi
1465 3204 1724 3258 describit;
1760 3206 2070 3263 quamobrem
2093 3207 2242 3252 verba

197 3286 344 3316 sensu
366 3274 560 3329 proprio
587 3274 703 3328 (non
735 3289 880 3318 sensu
911 3273 1139 3330 figurato)
1176 3273 1412 3317 sumenda
1441 3274 1683 3319 videntur.
1724 3274 1852 3320 Sunt
1874 3277 1957 3333 qui
1981 3281 2241 3321 autument

196 3356 342 3386 sensu
365 3343 462 3386 lato
486 3348 534 3387 et
556 3343 835 3400 improprio,
859 3344 985 3388 sieut
1007 3343 1085 3388 hie
1112 3344 1225 3388 Aet.
1255 3343 1323 3394 ΙΙ,
1347 3343 1418 3396 20,
1442 3345 1723 3400 explicanda
1744 3360 1850 3391 esse
1870 3347 1972 3392 loca
1996 3347 2060 3391 Is.
2086 3345 2238 3400 LXV,

195 3411 278 3464 17;
305 3411 488 3464 LXVl,
515 3413 586 3467 22,
609 3414 789 3471 quibus
817 3414 948 3458 Deus
971 3414 1214 3471 promittit
1239 3414 1403 3458 coelum
1423 3429 1593 3458 ‘novum
1626 3419 1666 3459 et
1701 3419 1873 3461 terram
1895 3431 2078 3470 novam,
2099 3416 2239 3474 quasi

194 3481 315 3526 nihil
348 3481 480 3527 aliud
512 3483 841 3539 significarent
872 3498 1017 3542 quam
1047 3498 1269 3540 maynam
1294 3483 1507 3542 aliquam
1528 3484 1924 3532 instaurationem
1946 3491 1986 3533 et
2006 3485 2238 3546 prosperi-

195 3554 336 3596 tatem
357 3555 642 3597 eventuram
666 3566 787 3598 esse.
814 3552 910 3598 Sed
934 3553 1028 3598 ista
1049 3553 1220 3598 melius
1244 3567 1388 3598 sensu
1424 3554 1619 3611 proprio
1653 3560 1700 3600 et
1731 3555 1889 3610 obvio,
1913 3556 2040 3602 sieut
2057 3555 2237 3614 jacent,

195 3621 557 3679 intelliguntur.
