2430 4030
642 299 834 334 ouA'mo
875 298 917 333 S.
964 299 1222 335 STEPHANI
1263 299 1632 337 APOLoon‘ricA.
2057 290 2159 340 103

63 483 66 485 ,
123 425 235 476 lum
278 426 393 478 Deo
432 427 624 479 Jacob.
655 430 687 466 *
731 425 987 478 Salomon
1028 433 1211 478 autern
1253 430 1546 484 aedificavit
1587 433 1665 483 illi
1705 433 1946 485 domum.
1980 437 2012 473 ³¹<
2056 431 2164 484 Sed
2187 441 2324 486 47-48

125 527 232 560 non
261 511 507 562 excelsus
533 511 590 560 in
620 509 947 561 manufactis
977 511 1206 575 habitat,
1230 514 1371 565 sicut
1403 515 1675 584 Prop'heta
1705 517 1838 568 dicit
1863 538 1872 568 z
1896 521 1928 557 ³¹<
1955 517 2164 569 Ocelum
2189 530 2243 569 49

128 592 259 643 mihi
303 593 460 644 sedes
502 598 626 643 est:
671 599 816 643 terra
858 598 1039 643 autem
1089 595 1387 646 scabellum
1431 598 1635 664 pedum
1680 616 1938 650 meorum.
1994 598 2166 663 Quam

127 673 347 725 domum
375 673 720 726 aedificabitis
748 674 900 737 mihi,
931 673 1064 724 dicit
1096 676 1395 729 Dominus?
1424 687 1517 729 aut
1546 680 1667 748 quis
1696 680 1846 731 locus
1875 681 2167 749 requietio·
2238 732 2240 734 ,

127 758 212 808 nis
241 776 374 810 meae
402 758 522 810 est?
554 762 585 798 ²¹<
615 757 811 809 Nonne
844 776 1035 808 manus
1064 777 1181 810 mea
1209 760 1338 812 fecit
1369 763 1482 814 haec
1511 764 1735 815 omnia?
2194 780 2247 819 50

201 845 232 882 ²¹<
265 843 412 893 Dura
433 842 662 904 cervice,
684 848 740 892 et
762 841 1156 893 incircumcisis
1179 844 1454 909 cordibus,
1478 852 1533 897 et
1562 846 1803 909 auribus,
1834 863 1930 898 vos
1958 863 2171 914 semper
2194 862 2245 902 51

187 1050 259 1096 47.
295 1051 469 1094 AUTEM
491 1051 619 1095 hunc
642 1049 829 1094 inducit
856 1064 1031 1093 nexum
1056 1069 1063 1093 ε
1094 1052 1191 1095 voti
1219 1067 1415 1109 compos
1450 1069 1542 1098 non
1578 1055 1731 1098 factus
1756 1059 1848 1107 est3
1878 1053 2056 1098 etenim
2079 1066 2175 1096 non

131 1118 247 1175 ipse,
281 1119 358 1163 sed
392 1121 616 1164 Salomon
655 1119 837 1163 electus
872 1118 963 1163 fuit
1002 1125 1056 1162 ut
1088 1119 1282 1163 domum
1321 1122 1419 1167 Deo
1452 1129 1738 1174 exstrueret,
1771 1121 2176 1179 quemadmodum

131 1194 356 1232 narratur
385 1190 409 1232 2
435 1189 557 1246 Reg.
584 1189 704 1240 VII,
728 1189 769 1231 2.

191 1257 260 1300 48.
295 1257 405 1301 Jam
430 1258 610 1301 indicat
636 1271 730 1314 quo
757 1271 902 1300 sensu
929 1256 1119 1300 locutus
1147 1257 1293 1302 fuerit
1319 1264 1488 1303 contra
1519 1260 1772 1317 templum,
1797 1266 1942 1315 atque
1974 1257 2178 1302 auctori-

114 1333 234 1372 tate
274 1329 412 1373 Isaiae
452 1344 502 1373 se
544 1329 818 1384 praemunit.
860 1327 1028 1371 Innuit
1069 1328 1170 1371 fieri
1216 1344 1370 1384 posse,
1404 1338 1460 1388 ut
1501 1331 1631 1374 Deus
1674 1331 1839 1386 templi
1881 1329 2179 1372 eversionem

135 1400 390 1457 aliquando
415 1401 690 1459 permittat;
714 1399 858 1443 simul
883 1414 1017 1443 mens
1042 1401 1136 1457 ipsi
1163 1409 1236 1444 est
1260 1403 1656 1458 superstitiosum
1683 1403 1964 1447 Judaeorum
1998 1401 2182 1445 cultum

135 1474 262 1531 quod
286 1475 519 1531 templum
542 1474 718 1517 attinet
741 1473 997 1529 corrigere,
1023 1475 1429 1531 quemadmodum
1457 1491 1606 1532 supra
1638 1477 1749 1520 fecit
1782 1490 1890 1519 cum
1925 1474 1983 1518 de
2017 1474 2183 1530 Moyse

136 1544 430 1602 loqueretur.

196 1614 265 1656 49.
301 1614 431 1658 Oitat
456 1611 522 1657 Is.
555 1612 733 1664 LXVI,
760 1613 801 1665 1,
827 1626 921 1656 non
947 1613 1151 1656 totidem
1177 1614 1351 1666 verbis,
1380 1615 1462 1658 sed
1495 1614 1555 1658 ad
1581 1629 1792 1658 sensum.
1823 1614 1941 1658 Haec
1974 1619 2049 1657 est
2081 1612 2184 1669 ejus

138 1684 439 1728 ratiocinatio
465 1702 473 1727 :
498 1684 759 1726 Immensae
784 1697 899 1732 sum,
925 1683 995 1726 ait
1019 1683 1162 1734 Deus,
1193 1689 1232 1728 et
1264 1685 1424 1728 omnia
1456 1684 1648 1741 imple0;
1676 1685 1786 1735 imo,
1811 1683 1970 1726 onmia
1998 1683 2186 1739 ipsemet

139 1755 290 1798 creavi
313 1774 325 1798 .·
353 1769 444 1797 rnon
467 1768 567 1810 erqo
593 1753 774 1809 indiqeo
799 1756 944 1796 vestro
971 1753 1135 1809 templo
1160 1773 1172 1796 .-
1202 1755 1403 1798 mundus
1428 1756 1673 1799 universus
1698 1754 1913 1811 templum
1937 1757 2000 1796 est
2022 1767 2185 1802 meum,

105 1815 107 1817 ¹
140 1825 261 1882 quod
293 1826 403 1868 meis
435 1822 651 1867 ‘inanibus
683 1822 923 1879 aedificavi.
961 1846 1006 1852 —
1033 1823 1212 1867 COELUM
1245 1838 1360 1868 MIHI
1393 1838 1533 1868 SEDES
1570 1838 1645 1867 EST
1680 1825 1829 1880 regia,
1851 1824 2046 1880 dignior
2074 1837 2189 1865 sane

142 1911 285 1954 quam
316 1895 404 1938 alae
438 1893 715 1944 Cherubim,
748 1894 797 1935 in
831 1893 958 1935 Arca
991 1893 1223 1938 Foederis.
1259 1895 1425 1938 'I'ERRA
1457 1907 1732 1939 SCABELLUM
1769 1906 1932 1938 PEDUM
1970 1905 2188 1944 MEORUM,

144 1967 270 2026 quod
308 1966 648 2023 Propitiatorio
684 1967 820 2008 Arcae
854 1966 994 2020 longe
1029 1967 1286 2010 antecellit.
1322 1992 1376 1998 ——
1412 1968 1557 2023 QUAM
1598 1980 1783 2019 DOMUM,
1817 1966 1933 2010 satis
1966 1965 2190 2022 amplam,

145 2049 466 2080 AEmchBrrIS
489 2048 601 2079 Mun
623 2034 880 2078 immenso?
906 2034 1136 2078 Haeretici
1164 2037 1323 2080 verbis
1348 2037 1456 2081 istis
1490 2037 1759 2080 abutuntur
1791 2035 1851 2079 ad
1883 2036 2066 2079 cultum
2102 2035 2189 2078 Dei

145 2109 429 2151 exteriorem
470 2106 825 2162 reprobandum
861 2124 869 2149 ε
902 2120 1088 2156 verum,
1124 2121 1259 2150 mens
1299 2109 1548 2164 prophetae
1583 2109 1674 2152 alia
1708 2123 1805 2152 non
1837 2114 1927 2158 est,
1960 2120 2105 2163 quam
2138 2111 2193 2150 ut

148 2177 353 2221 declaret
386 2177 569 2220 cultum
604 2176 886 2219 exteriorem
921 2175 1105 2231 absque
1138 2175 1368 2220 interiore
1402 2178 1560 2221 cordis
1597 2179 1776 2234 pietate
1809 2176 1909 2219 Deo
1941 2181 2191 2231 acceptum

148 2260 452 2304 nequaquam
476 2260 597 2290 esse.

208 2317 278 2360 50.
315 2317 496 2360 Sensus
537 2320 612 2360 est
644 2333 652 2358 :
689 2321 936 2370 praeterea,
970 2314 1086 2371 quid
1129 2314 1247 2358 mihi
1286 2316 1603 2369 aed1ficabitis‚
1637 2315 1765 2373 quod
1796 2330 1892 2359 non
1925 2313 2195 2371 possideam

149 2385 327 2430 antea?

211 2457 280 2499 51.
315 2455 649 2499 Defensionem
692 2468 828 2497 suam
862 2452 962 2510 jam
1003 2453 1272 2510 abrumpit3
1309 2468 1474 2498 vocem
1508 2469 1698 2512 quoque
1737 2468 1871 2497 suam
1911 2457 1959 2497 et
1994 2452 2196 2496 formam

151 2525 379 2570 orationis
412 2530 584 2577 mutat,
610 2525 687 2569 vel
720 2539 774 2568 eo
807 2524 901 2567 fine
935 2528 989 2567 ut
1019 2523 1265 2568 auditores
1291 2525 1448 2581 magis
1472 2530 1791 2576 commoveat,
1815 2523 1889 2567 vel
1914 2522 2197 2577 (secundum

79 2590 83 2593 ⁴
154 2597 473 2653 quorumdam
498 2596 843 2653 conjecturam)
864 2595 969 2639 ideo
994 2595 1121 2652 quod
1145 2610 1200 2639 ex
1224 2611 1472 2640 murmure
1497 2598 1813 2654 gestibusque
1837 2610 2002 2639 eorum
2026 2594 2198 2644 videat,

154 2680 250 2718 eOS,
272 2667 342 2710 ira
363 2681 600 2717 accensos,
627 2666 825 2709 minime
856 2665 1107 2709 attendere
1139 2665 1198 2708 ad
1234 2679 1288 2709 ea
1315 2680 1422 2722 quae
1449 2666 1592 2710 dicat.
1621 2664 1942 2721 Quamobrem
1967 2677 2046 2707 eos
2070 2677 2201 2707 seve-

155 2737 255 2781 rius
280 2737 544 2793 corripiens
568 2755 577 2780 ε
606 2736 748 2780 DURA
773 2748 989 2787 cnumcri,
1015 2736 1261 2787 exclamat,
1290 2742 1377 2780 etc.
1403 2756 1411 2780 :
1439 2742 1789 2791 σκληροτραχηλοι
1815 2735 1879 2790 (fl.
1906 2733 2200 2777 hard-nelchi-

155 2809 272 2865 9ew),
294 2807 376 2864 qui
397 2807 566 2850 durum
585 2806 750 2850 col-lum
770 2805 947 2857 habent,
969 2805 1049 2863 qui
1073 2810 1212 2863 caput
1222 2806 1369 2861 facile
1392 2807 1562 2858 flectere
1583 2810 1812 2864 nequeunt
1821 2824 1837 2857 ;
1859 2819 1942 2860 per
1960 2802 2197 2860 metapho-

155 2891 274 2928 ram,
307 2877 388 2934 qui
426 2879 564 2934 caput
593 2876 773 2934 flectere
811 2876 991 2927 nolunt,
1023 2876 1105 2933 qui
1132 2879 1304 2933 Juqum
1341 2877 1496 2920 subire
1533 2879 1763 2927 recusant,
1797 2877 2084 2918 contumaces
2115 2879 2202 2916 etc.

159 2946 521 2991 Incmcmumffls
546 2959 775 2990 conmssus
799 2959 855 2989 ET
880 2958 1099 2989 Anninus.
1137 2946 1223 2989 Per
1256 2947 1623 2990 translationem
1658 2960 1852 2988 rursum
1885 2944 2064 2987 dicitur
2087 2962 2095 2986 :
2121 2943 2202 2999 qui

160 3015 279 3059 vitia
303 3029 517 3067 resecare
540 3029 567 3058 a
589 3013 874 3070 corporibus
895 3014 1071 3058 vestris
1097 3028 1194 3057 non
1220 3015 1370 3058 vultis
1390 3032 1400 3066 ;
1425 3015 1507 3072 qui
1531 3029 1672 3058 aures
1698 3014 1838 3070 quasi
1865 3013 1987 3056 dura
2008 3012 2203 3068 pellicu-

161 3085 224 3137 la,
244 3099 386 3142 quam
407 3084 684 3128 abscindere
711 3083 964 3135 recusatis,
990 3083 1241 3128 obturatas
1266 3084 1479 3136 habetis;
1504 3084 1611 3127 aliis
1645 3083 1805 3128 verbis
1834 3101 1842 3126 :
1875 3083 1973 3139 qui,
2008 3096 2094 3126 nec
2125 3095 2206 3126 cor

163 3156 264 3201 Deo
288 3155 645 3213 obsequiosum,
669 3169 755 3199 nec
787 3169 928 3199 aures
964 3155 1006 3197 ei
1043 3163 1254 3212 apertas,
1296 3155 1520 3199 exhibere
1561 3156 1707 3200 vultis
1737 3173 1747 3206 ;
1791 3155 2011 3199 homines
2048 3155 2207 3198 animo

165 3223 428 3281 depravati,
454 3225 553 3269 Deo
571 3239 665 3269 non
688 3224 1095 3280 obtemperantes„
1121 3249 1175 3256 -
1210 3224 1358 3269 Vos...
1391 3237 1470 3268 1TA
1503 3237 1559 3268 ET
1596 3236 1688 3268 vos.
1722 3223 1812 3269 Vis
1845 3238 2020 3281 magna
2051 3229 2124 3268 est
2157 3224 2206 3267 in

169 3294 447 3350 pronomine
469 3308 559 3346 vos,
581 3294 710 3351 quod
736 3293 827 3346 bis,
851 3308 919 3337 sc.
940 3294 1080 3338 initio
1104 3302 1151 3338 et
1175 3294 1222 3337 in
1247 3293 1358 3345 fine,
1393 3295 1603 3349 ponitur.

230 3362 445 3407 Srnmm
476 3376 647 3408 SAnczro
677 3376 943 3408 RESISTITIS.
978 3363 1158 3408 Contra
1199 3362 1448 3407 Calvinum
1486 3367 1535 3407 et
1566 3362 1847 3408 Jansenium
1879 3361 2208 3407 concludimus

169 3431 313 3476 inde:
338 3431 578 3477 hominem
601 3434 651 3476 in
677 3439 808 3477 statu
850 3439 1038 3478 naturae
1070 3433 1217 3488 lapsae
1251 3433 1423 3489 gratiae
1447 3433 1669 3478 interiori
1702 3446 2064 3489 nonnumquam
2098 3431 2209 3476 resi·

171 3508 298 3546 stere
317 3520 326 3546 z
347 3501 546 3560 ideoque
567 3502 918 3547 admittendam
941 3517 1046 3546 esse
1071 3504 1376 3547 existentium
1401 3503 1574 3558 gratiae
1598 3517 1719 3546 mere
1739 3509 1789 3546 at
1812 3517 1910 3546 vere
1933 3501 2210 3559 sufficientis,

100 3569 111 3625 j
171 3583 264 3628 qua
288 3570 428 3616 homo
461 3572 533 3616 hic
564 3576 607 3617 et
635 3588 760 3617 aluno
793 3573 923 3626 (non,
957 3579 1011 3616 ut
1044 3572 1213 3617 volunt
1246 3571 1547 3623 Janseniani,
1589 3573 1751 3616 omnia
1787 3586 1946 3620 rerum
1987 3571 2210 3627 adjuncta
