2430 4030
0 3748 13 3777 ἲ.

0 3779 30 3829 ,ιη

0 3835 28 3871 .ἴῖ

23 3872 30 3882 ἱ

269 293 338 344 96
833 308 993 345 AcTus
1033 309 1428 358 Aros'rotowM,
1470 312 1582 349 CAP.
1624 297 1758 352 VII.

271 446 403 492 sunt
451 441 505 491 in
555 440 864 509 sepulchrO,
915 442 1061 511 quod
1109 444 1244 495 emit
1293 445 1569 497 Abraham
1623 447 1800 516 pretio
1853 446 2071 516 argenti
2116 466 2148 498 a
2189 446 2318 500 filiis

270 522 480 575 Hemor
525 524 624 575 filii
673 524 908 576 Sichem.
2385 522 2398 527 ”

191 614 244 656 17
345 609 376 646 *
434 605 571 658 Cum
625 612 808 658 autem
876 607 1345 679 appropinquaret
1408 615 1627 679 tempus
1691 611 2091 681 promissionis,
2156 630 2318 683 quam
2382 618 2412 669 ἶ

269 690 553 742 confessus
606 695 722 741 erat
779 690 925 742 Deus
988 692 1243 757 Abrahae,
1298 694 1474 746 crevit
1523 695 1778 764 populus,
1827 701 1894 747 et*
1925 696 2320 765 multiplicatus

191 782 245 820 18
270 778 355 825 est
392 773 444 824 in
493 773 763 843 AEgypto,
796 778 829 815 ²¹<
854 775 1208 846 quoadusque
1237 777 1475 829 surrexit
1501 777 1639 830 alius
1676 797 1773 830 rex
1814 779 1869 830 in
1912 779 2183 849 AEngto,
2227 781 2321 850 qui

192 869 244 908 19
271 875 379 909 non
421 857 631 909 sciebat
672 857 898 926 Joseph.
943 862 975 898 ³¹<
1019 859 1123 910 Hic
1165 859 1599 913 circumveniens
1626 880 1803 931 genus
1832 867 2098 926 nostrum,
2128 863 2322 916 afflixit
2380 887 2425 931 ..J

268 945 453 1010 patres
500 946 718 992 nostros
766 946 827 991 ut
871 947 1213 1010 exponerent
1255 942 1496 995 infantes
1538 962 1668 997 suos
1709 963 1777 997 ne
1821 945 2244 999 vivificarentur.

267 1127 502 1171 translata
535 1132 649 1171 sunt
677 1128 725 1170 in
756 1127 962 1172 SICHEM.
998 1128 1102 1172 Hoc
1134 1133 1298 1173 autem
1333 1129 1391 1173 de
1425 1129 1618 1174 ossibus
1653 1130 1856 1188 'Josephi
1892 1131 2101 1189 legimus
2128 1133 2176 1176 in
2200 1131 2322 1178 libro
2407 1134 2417 1152 ⁶

267 1198 418 1243 Josue
440 1197 628 1249 XXIV,
648 1197 735 1267 32:
755 1198 812 1242 de
835 1198 942 1241 aliis
970 1212 1081 1243 vero
1107 1199 1396 1254 patriarchis
1424 1200 1532 1245 silet
1556 1201 1751 1258 quidem
1776 1209 1918 1247 vetus
1940 1201 2330 1255 Testamentum,
2407 1191 2410 1234 Ῐ

269 1266 353 1312 sed
386 1266 424 1311 s.
448 1266 741 1324 'Stephanus
780 1268 1029 1311 silentium
1068 1269 1260 1325 supplet
1295 1283 1379 1323 per
1412 1269 1741 1315 traditionem.
1783 1271 1913 1316 Nota
1945 1272 2016 1317 Fl.
2051 1271 2320 1327 Josephum

268 1339 376 1381 Ant.
423 1337 465 1391 2,
504 1336 543 1388 8,
589 1337 614 1380 2
655 1338 734 1380 alii
777 1337 1031 1381 traditioni
1071 1338 1351 1391 adhaesisse,
1393 1354 1540 1396 quum
1590 1340 1768 1386 reserat
1813 1355 1979 1386 omnes
2025 1341 2320 1398 patriarchas
2405 1347 2413 1386 ἱ

269 1406 484 1451 Hebrone
505 1407 724 1463 sepultos
750 1406 913 1450 fuisse.

328 1476 383 1519 IN
423 1487 658 1519 SEPULCRO
697 1487 821 1528 Quon
859 1487 974 1518 ΕΜΙΤ
1014 1475 1273 1519 ABRAHAM.
1317 1476 1517 1534 Emptio
1553 1477 1656 1522 haec
1700 1493 1796 1522 non
1843 1493 1896 1522 ea
1938 1483 2012 1522 est
2055 1493 2163 1537 quae
2201 1477 2321 1524 Gen.

266 1546 515 1598 XXXIII,
552 1547 619 1597 19,
654 1547 710 1593 20
745 1546 953 1602 legitur3
989 1561 1197 1604 namque
1231 1547 1332 1591 haec
1365 1563 1392 1591 a
1428 1548 1592 1599 Jacob,
1627 1549 1838 1594 Abrahae
1871 1555 2059 1606 nepote,
2086 1549 2207 1594 satis
2238 1549 2320 1594 diu

267 1623 437 1671 postea
469 1616 595 1660 facta
627 1616 732 1659 fuit.
776 1616 960 1658 Paritei
993 1615 1187 1659 diversa
1223 1623 1295 1660 est
1329 1617 1388 1660 ab
1422 1632 1475 1660 ea
1510 1619 1767 1675 emptione,
1802 1633 1910 1677 quae
1943 1626 2169 1664 narratur
2198 1618 2320 1664 Gen.
2412 1636 2414 1638 ·

268 1686 463 1746 XXIII,
499 1687 573 1731 16-
581 1688 635 1738 20
668 1694 715 1730 et
748 1686 931 1738 XLIX,
967 1687 1041 1739 29,
1074 1687 1144 1738 30,
1179 1686 1261 1730 ubi
1295 1687 1542 1732 Abraham
1577 1690 1695 1734 emit
1728 1690 1996 1747 speluncam
2027 1690 2086 1735 ab
2121 1690 2321 1747 Ephron
2404 1681 2414 1717 ἶ

267 1757 366 1801 filio
409 1756 541 1802 Seor
589 1757 759 1814 Itaque
798 1756 1057 1800 dicendum
1102 1761 1189 1808 est,
1230 1759 1542 1813 emptionem,
1586 1759 1643 1802 de
1694 1773 1789 1815 qua
1825 1759 2006 1804 mentio
2046 1760 2102 1803 fit
2141 1760 2190 1803 in
2233 1759 2323 1804 hoo
2423 1747 2430 1758 ¹

267 1828 371 1871 loco
405 1829 634 1879 Actuum,
667 1828 715 1869 in
753 1826 810 1871 V.
845 1826 898 1869 Τ.
937 1840 1179 1883 nusquam
1205 1829 1479 1880 memorari,
1507 1842 1708 1886 eamque
1731 1843 1927 1875 rursum
1957 1828 2203 1886 Stephano
2237 1843 2322 1885 per

269 1897 581 1942 traditionem
610 1896 883 1940 innotuisse
907 1895 1092 1949 (Beel.).

267 2017 270 2019 Δ
329 1967 538 2024 Bisping
580 1966 806 2022 opinatur
854 1964 1155 2021 Stephanum
1196 1966 1245 2008 in
1288 1966 1506 2010 oratione
1552 1968 1808 2024 repentina
1858 1968 2088 2013 memoria
2132 1969 2321 2026 lapsum
2403 1965 2415 1967 '⁷

269 2038 434 2089 fuisse,
474 2042 620 2093 atque
662 2035 871 2079 Abrahae
911 2035 1231 2092 adscripsisse
1269 2038 1396 2094 quod
1443 2037 1621 2082 fecerat
1658 2038 1826 2090 Jacob,
1868 2039 1980 2096 quia
2019 2039 2068 2082 in
2107 2053 2323 2084 errorem
2403 2035 2426 2062 .·

267 2110 442 2154 ductus
486 2109 644 2153 fuerat
684 2123 739 2152 ex
779 2122 833 2152 eo
869 2107 996 2164 quod
1038 2107 1195 2151 simile
1243 2108 1361 2166 quid
1402 2109 1561 2166 reipsa
1596 2109 1793 2154 fecisset
1831 2109 2096 2155 Abraham.
2132 2110 2321 2168 Neque,
2372 2137 2378 2139 —
2413 2108 2416 2109 ’

267 2180 403 2225 addit
435 2179 677 2234 interpres
711 2178 804 2229 ille,
840 2192 975 2222 error
1007 2178 1289 2236 hujusmodi
1322 2178 1502 2223 divinae
1537 2179 1845 2236 inspirationi
1879 2184 2135 2238 repugnat,
2170 2194 2319 2238 quum
2401 2182 2405 2227 ζ

270 2251 426 2294 Lucas
461 2248 669 2292 fideliter
702 2247 928 2291 retulerit
961 2247 1090 2304 quod
1127 2247 1418 2304 Stephanus,
1442 2249 1525 2306 qui
1551 2263 1647 2292 non
1670 2255 1774 2293 erat
1797 2250 2082 2306 inspiratus,
2115 2249 2322 2294 dixerat.

272 2321 388 2366 Haec
430 2325 593 2365 autem
630 2319 806 2364 solutio
842 2318 981 2363 valde
1022 2318 1176 2362 audax
1216 2318 1334 2362 mihi
1378 2319 1571 2363 videtur
1617 2339 1626 2364 ε
1675 2335 1730 2363 ex
1769 2335 1823 2364 ea
1861 2321 1989 2365 enim
2038 2324 2323 2378 sequeretur
2360 2372 2362 2374 Ι

270 2389 505 2448 plurimas
545 2389 815 2444 longasque
856 2387 1103 2444 pericopas
1144 2401 1250 2431 esse
1288 2388 1338 2431 in
1378 2388 1584 2432 Actibus
1619 2388 1791 2445 Apost.
1828 2390 2094 2442 (sermones
2127 2388 2322 2432 illorum
2398 2399 2399 2403 ’

269 2460 353 2518 qui
375 2474 471 2504 non
497 2459 697 2503 fuerunt
720 2457 980 2514 inspirati),
1005 2457 1063 2501 de
1089 2471 1295 2514 quarum
1321 2457 1486 2501 divina
1518 2462 1565 2502 et
1598 2458 1837 2502 infallibili
1870 2459 2078 2503 veritate
2110 2457 2339 2503 dubitari

269 2535 447 2587 posset.
495 2528 750 2579 Praeterea,
796 2527 837 2570 si
883 2526 1200 2588 admittamus
1249 2526 1459 2583 intelligi
1509 2526 1681 2571 debere
1729 2528 2024 2583 emptionem
2067 2542 2095 2571 a
2142 2526 2322 2572 Jacobo
2395 2526 2413 2550 Ψ

269 2603 459 2652 factam,
486 2599 578 2643 alia
600 2599 756 2643 oritur
781 2597 1042 2642 difficultas
1066 2597 1272 2640 maxima
1298 2615 1306 2640 :
1333 2596 1593 2641 Hemorem
1619 2612 1716 2642 non
1743 2598 1894 2642 fuisse
1908 2598 2068 2654 filium
2095 2597 2320 2651 Sichemi,

271 2669 355 2715 sed
392 2672 571 2727 patrem
603 2668 732 2725 ejus3
770 2672 824 2710 ut
858 2670 1049 2711 constat
1087 2681 1142 2710 ex
1177 2665 1294 2710 Gen.
1334 2665 1582 2718 XXXIII,
1608 2667 1660 2710 19
1685 2672 1733 2711 et
1758 2666 1996 2719 XXXIV,
2030 2668 2071 2711 2.
2105 2667 2238 2724 Ergo
2271 2668 2322 2711 in
2383 2697 2417 2739 ,²-

270 2737 431 2784 verbis
449 2736 695 2793 *Stephani
721 2735 902 2779 iterum
930 2734 1184 2791 ponendus
1209 2739 1338 2778 esset
1366 2749 1514 2780 error.

329 2810 401 2854 17.
442 2808 553 2852 Cim
588 2817 1012 2859 APPROPINQUARET
1052 2818 1235 2849 TEMPUS
1276 2817 1596 2850 Pssomssmms
1637 2820 1700 2850 sc.
1742 2806 2060 2860 perficiendae.
2096 2805 2323 2863 Intellige

271 2878 642 2936 pmmiSSiOssem
683 2877 746 2930 (V·
789 2876 830 2927 6,
867 2876 910 2929 ’7)
953 2875 1163 2920 Abrahae
1198 2875 1376 2927 datam,
1411 2885 1630 2931 posteros
1669 2875 1773 2932 ejus
1814 2881 1924 2933 post
1957 2878 2044 2922 400
2076 2890 2228 2921 annos
2265 2889 2322 2920 ex

271 2951 488 3008 AEgypto
515 2948 816 2992 reducendos
841 2961 962 2992 esse.
2377 2991 2387 3005 λ,

331 3021 402 3064 18.
427 3019 581 3063 ALIUs
613 3031 725 3072 REX,
760 3033 815 3062 ex
848 3017 942 3061 alia
974 3021 1110 3061 ortus
1143 3015 1337 3066 familia,
1361 3015 1486 3058 alius
1519 3015 1766 3072 Dynastioe
1800 3014 1922 3071 (Jos.
1957 3016 2065 3060 Ant.
2104 3014 2148 3068 2,
2179 3014 2222 3065 9,
2259 3014 2324 3069 1),

273 3103 355 3144 QUI
390 3103 484 3134 NON
520 3101 709 3133 somma:
743 3087 938 3140 JOSEPH‚
979 3086 1179 3144 ejusque
1220 3086 1270 3128 in
1307 3084 1579 3142 AEgyptum
1615 3085 1875 3138 beneficia;
1915 3085 1992 3129 vel
2025 3084 2202 3141 potius,
2235 3097 2324 3140 per
2376 3124 2389 3151 „¹

273 3160 618 3210 hebraismum,
650 3158 732 3215 qui
767 3157 1034 3212 Josephum
1074 3155 1274 3213 ejusque
1308 3154 1540 3210 praeclara
1562 3162 1699 3211 gesta
1721 3154 1965 3211 respicere
1996 3153 2205 3204 nolebat,
2237 3152 2322 3210 qui
2383 3163 2385 3166 ⁴

274 3229 407 3272 nullo
460 3228 588 3284 grati
634 3227 783 3270 animi
835 3240 983 3270 sensu
1031 3239 1148 3282 erga
1193 3225 1353 3280 ipsum
1409 3222 1610 3267 affectus
1657 3227 1760 3267 erat
1805 3241 1815 3266 ε
1864 3222 1944 3267 vix
1987 3222 2117 3266 enim
2160 3227 2323 3267 mente
2376 3231 2391 3254 *³

274 3298 547 3355 concipitur
569 3310 733 3352 regem
759 3297 809 3339 in
831 3295 1049 3352 AEgypto
1071 3294 1237 3345 fuisse,
1260 3293 1337 3336 oui
1363 3291 1563 3347 Josephi
1596 3291 1800 3336 historia
1824 3298 1951 3336 esset
1975 3291 2116 3347 plane
2139 3290 2320 3348 ignota.
2368 3295 2394 3335 ἶ

334 3368 403 3412 19.
428 3365 763 3422 Paraphrasis.
801 3364 904 3408 Rex
937 3364 1033 3416 ille,
1065 3361 1230 3407 dolose
1261 3375 1410 3418 agens
1443 3368 1612 3405 contra
1643 3373 1842 3417 gentem
1865 3366 2096 3412 nostram,
2118 3359 2325 3416 maiores·
2353 3365 2387 3405 ’ζ

274 3443 468 3483 nostros
496 3435 700 3486 vexavit,
726 3435 839 3479 adeo
862 3437 915 3478 ut
939 3437 1237 3490 exponerent
1271 3431 1446 3488 (graece
1469 3426 1602 3475 infin.
1626 3431 1676 3475 in
1703 3430 1908 3488 genitivi
1939 3444 2054 3475 casu
2085 3443 2196 3474 cum
2227 3435 2320 3475 art.
2358 3439 2389 3495 3⁴

277 3507 400 3565 sign.
442 3506 517 3550 vel
554 3505 698 3549 finem
742 3505 821 3550 vel
859 3503 1125 3559 eventum),
1163 3502 1192 3546 i.
1233 3516 1272 3547 6
1310 3515 1546 3580 exponere
1575 3500 1890 3559 adigerentur
1920 3511 2160 3553 INFANTES,
2194 3498 2320 3544 filios

277 3578 395 3632 (non
415 3575 570 3632 filias)
603 3589 730 3628 suos,
762 3588 816 3619 eo
847 3575 943 3618 fine
975 3578 1031 3619 ut
1065 3573 1159 3629 (vel
1193 3573 1305 3618 adeo
1337 3575 1406 3628 ut)
1440 3571 1491 3616 hi
1530 3571 1580 3615 in
1617 3573 1721 3616 vita
1756 3585 1854 3617 non
1894 3573 2354 3618 conservarentur-2
2363 3571 2366 3576 '

277 3647 339 3696 Id
363 3658 591 3694 narratur
619 3643 853 3696 Ex.1,15
878 3658 946 3706 sq.
2327 3646 2368 3662 ⁹·-
