2430 4030
675 316 827 354 PAum
866 315 1056 351 oemio
1093 313 1161 350 AD
1199 310 1584 348 Mammenses,
2052 289 2154 341 189

129 389 2152 412 w*—

117 455 310 507 simile.
360 457 393 493 ³¹<
442 451 512 503 Et
557 457 806 518 tempora
833 447 1057 516 quidem
1086 446 1245 514 hujus
1274 445 1610 514 ignorantiae
1637 443 1952 512 despiciens
1983 443 2154 506 Deus,
2177 437 2234 476 30

118 555 263 588 nunc
289 534 588 587 annunciat
614 532 927 584 hominibus
957 536 1018 580 ut
1059 547 1247 580 omnes
1291 527 1492 597 ubique
1535 522 1921 595 poeniteutiam
1963 531 2155 593 agant,

121 624 153 661 *
179 637 243 670 eo
271 618 416 687 quod
443 617 638 668 statuit
665 615 826 678 diem,
857 616 914 665 in
943 632 1049 683 quo
1072 613 1417 682 judicaturus
1446 617 1531 662 est
1559 611 1749 662 orbem
1790 610 1844 659 in
1875 609 2154 677 aequitate,

118 701 173 751 in
202 701 339 762 vir0,
366 699 421 749 in
451 716 558 767 quo
602 697 817 759 statuit,
856 696 1018 747 fidem
1051 695 1303 763 praebens
1345 693 1622 755 omnibuS,
1670 693 1946 743 suscitans
1976 709 2099 742 eum
2126 710 2158 742 a

121 782 369 834 mortuis,

119 993 434 1046 consocians),
453 992 535 1036 sed
559 1000 740 1049 quanta
763 1006 872 1035 cum
898 991 1234 1046 intrepiditate
1254 995 1301 1033 et
1319 988 1537 1032 claritate
1563 987 1846 1031 inanitatem
1870 986 2156 1030 idololatriae
2195 986 2200 987 ⁷

119 1062 436 1113 demonstrat,
482 1071 529 1106 et
575 1062 902 1106 multitudinis
945 1061 1282 1117 praejudicatas
1330 1059 1579 1114 opiniones
1629 1057 1808 1100 directe
1853 1056 2156 1113 aggreditur.

121 1131 304 1176 Verum
346 1133 538 1189 quidem
580 1137 654 1175 est
693 1131 1004 1188 philosophos
1045 1132 1259 1187 aliosque
1298 1130 1426 1173 viros
1460 1128 1624 1172 doctos
1657 1140 1818 1171 crasso
1852 1126 2155 1171 ethnicorum

120 1201 627 1259 authropomorphismo
667 1203 1037 1258 (res-corporeas
1062 1215 1166 1245 esse
1191 1200 1324 1253 deos)
1366 1213 1460 1242 non
1497 1198 1776 1250 adhaesisse,
1819 1198 1902 1241 sed
1928 1197 2027 1242 haeo
2054 1201 2156 1241 erat

120 1273 388 1315 communis
413 1272 660 1327 persuasio
687 1272 865 1328 populi.

180 1340 248 1384 30.
284 1341 603 1385 IGNORAMIAE.
638 1341 889 1384 Falsorum
916 1340 1168 1383 numinum
1195 1339 1395 1389 cultum,
1428 1338 1921 1395 corruptissimosque
1945 1337 2156 1381 ethnico·

117 1423 224 1452 rum
261 1425 414 1453 mores
449 1419 586 1454 vocat
617 1410 953 1466 tymi-amiam,
994 1423 1167 1465 nempe
1192 1423 1247 1451 ex
1273 1414 1376 1452 arte
1402 1409 1612 1451 oratoria
1637 1413 1685 1452 et
1711 1422 1764 1451 ex
1791 1407 1980 1451 siucero
2003 1407 2154 1451 chari-

117 1483 234 1525 tatis
256 1482 441 1532 affectu,
486 1489 540 1526 ut
566 1498 644 1526 eos
670 1483 760 1526 sibi
787 1483 1043 1527 benevolos
1067 1482 1252 1532 reddat,
1293 1496 1469 1539 eosque
1495 1481 1554 1524 ad
1579 1481 1719 1524 fidem
1749 1480 1935 1524 Christi
1964 1479 2155 1532 trahat3

118 1553 240 1595 acris
263 1553 389 1595 enim
414 1553 686 1610 objurgatio
727 1552 833 1596 illos
871 1553 1074 1597 forsitan
1116 1553 1397 1597 offendisset
1431 1558 1576 1608 atque
1598 1551 1947 1595 exacerbasset.
1971 1550 2154 1593 Tamen

121 1620 169 1662 in
196 1636 308 1665 voce
344 1623 424 1665 illa
459 1623 729 1679 tyrim-antia
770 1623 950 1667 latebat
986 1629 1150 1666 sancta
1190 1622 1412 1680 quaedam
1451 1621 1665 1672 audacia,
1705 1621 1896 1677 qualem
1930 1620 2154 1664 veritatis

118 1705 252 1734 amor
276 1693 512 1748 inspirare
538 1693 704 1738 debet:
751 1694 1015 1750 prudenter
1052 1692 1246 1748 quidem
1288 1693 1519 1748 loquitur,
1562 1691 1647 1735 sed
1680 1705 1776 1735 non
1810 1691 2068 1734 adulatur:
2106 1690 2155 1733 in

122 1763 255 1815 urbe,
275 1779 382 1821 quae
409 1765 656 1821 sapientiae
678 1772 725 1809 et
750 1766 963 1810 scientiae
988 1765 1124 1809 sedes
1151 1765 1484 1821 reputabatur,
1508 1763 1827 1820 iynomutiam
1852 1763 1988 1819 ponit
2013 1776 2154 1818 gene-

120 1833 268 1876 ralem
297 1848 378 1888 per
404 1835 563 1878 omnia
586 1844 714 1879 retro
737 1836 912 1879 secula.

181 1903 475 1956 Dsssmcist,
511 1911 716 1959 ὑπεριδων,
756 1920 847 1948 nou
885 1921 1068 1955 curans,
1105 1920 1198 1949 uon
1236 1906 1467 1963 puniens:
1510 1904 1538 1946 i.
1564 1918 1602 1947 e.
1628 1903 1860 1948 hactenus
1885 1916 2056 1958 passus
2083 1910 2157 1946 est

120 1979 288 2030 gentes
312 1991 478 2019 omnes
506 1977 693 2033 ingredi
721 1977 822 2020 vias
847 1992 986 2029 suas3
1013 1978 1068 2020 cf.
1092 1977 1231 2027 XIV,
1259 1978 1327 2020 15.
1374 1976 1604 2033 Vulgata,
1638 1990 1745 2019 cum
1771 1975 2018 2018 notionem
2047 1988 2156 2018 con·

119 2051 331 2100 temptus
359 2046 405 2089 in
435 2048 577 2090 verbo
605 2049 855 2104 despiciens
881 2049 1132 2105 exprimat,
1158 2063 1254 2092 non
1280 2056 1353 2091 est
1375 2049 1572 2091 omnino
1596 2053 1831 2091 accurata.
1866 2046 2009 2090 NUNC
2036 2053 2153 2097 etc.;

121 2114 266 2166 Deus,
290 2116 368 2165 ait,
397 2132 491 2160 non
517 2133 705 2174 semper
727 2120 942 2176 negliget
981 2121 1244 2174 (ὑπερειδησει
1278 2134 1362 2162 seu
1396 2120 1671 2174 ὑπεροψεται),
1703 2133 1800 2161 non
1834 2132 2024 2172 semper
2052 2131 2152 2172 per·

121 2183 242 2227 feret
266 2185 590 2239 ignorantiam
618 2188 788 2236 istam3
816 2203 925 2231 nam
954 2187 1114 2232 veniet
1139 2187 1240 2230 dies
1261 2187 1434 2243 judicii
1457 2187 1626 2238 severi,
1651 2202 1694 2231 v.
1724 2201 1822 2244 seq.

179 2253 246 2295 31.
282 2254 336 2297 IN
371 2267 478 2298 vnio
509 2268 558 2298 IN
592 2269 682 2309 Quo
713 2271 926 2301 surum:
962 2278 1001 2301 εν
1041 2264 1151 2307 αυδρι
1187 2255 1217 2312 ᾠ
1254 2263 1407 2312 ὡρισεν,
1443 2257 1614 2299 melius
1640 2257 1691 2299 in
1715 2257 1812 2300 viro
1837 2272 1969 2314 quem
1991 2256 2156 2299 statuit

122 2321 174 2376 (φ’
201 2338 283 2377 per
308 2326 645 2369 attractionem
672 2342 759 2382 pro
784 2330 860 2382 όν),
905 2343 1045 2384 quem
1080 2329 1337 2378 ordinavit,
1377 2327 1548 2383 supple
1587 2327 1708 2370 orbis
1731 2327 1951 2383 judicem.
1993 2327 2156 2370 FmEM

117 2404 333 2436 PRAEBENS
355 2407 589 2439 OMNIBUS:
628 2415 763 2441 πιστιν
785 2417 1007 2454 παρασχων
1032 2419 1172 2451 πασιν,
1203 2399 1344 2455 fidem
1364 2399 1571 2457 praebens
1594 2397 1805 2442 omuibus
1843 2397 2154 2450 (hominibuS,

121 2461 169 2503 in
193 2463 358 2516 maso)
379 2480 388 2514 ;
416 2463 446 2506 i.
474 2479 511 2507 e.
537 2465 761 2509 omnibus
785 2473 915 2511 certo
942 2468 1295 2520 demonstrans,
1323 2468 1509 2524 supple,
1532 2482 1641 2511 eum
1665 2481 1770 2510 esse
1788 2467 2002 2523 judicem
2028 2468 2152 2511 futu-

121 2545 244 2580 rum,
269 2546 354 2588 per
375 2532 462 2576 hoc
489 2548 660 2590 nempe
682 2536 809 2591 quod
832 2551 934 2580 eum
955 2552 985 2580 a
1006 2539 1203 2581 mortuis
1226 2538 1484 2582 suscitavit.

178 2601 343 2646 Nexus
367 2605 590 2648 versiculi
617 2604 662 2648 31
696 2621 803 2649 eum
830 2608 1122 2663 praecedenti
1156 2623 1360 2666 sequens
1386 2615 1487 2653 est:
1530 2608 1814 2665 poenitentia
1847 2609 2032 2665 agenda
2065 2614 2156 2662 est,

122 2685 230 2714 narn
252 2672 614 2728 impoenitentes
640 2689 859 2719 severum
886 2676 971 2720 Dei
998 2676 1234 2733 judicium
1268 2679 1510 2734 quondam
1545 2678 1777 2722 subibunt
1802 2697 1811 2721 :
1850 2678 1969 2722 illud
1993 2684 2154 2722 autem

114 2739 348 2797 judicium
389 2741 629 2786 exercebit
669 2745 744 2788 vir
777 2745 859 2801 qui
903 2760 930 2789 a
971 2746 1070 2790 Deo
1111 2748 1410 2792 constitutus
1453 2754 1527 2791 est
1566 2749 1783 2792 omnium
1814 2748 1975 2805 judeX,
2017 2747 2153 2804 cujus

119 2824 343 2866 suprema
367 2813 628 2857 auctoritas
653 2815 770 2857 satis
795 2814 1128 2862 demonstrata
1158 2818 1251 2862 fuit
1285 2833 1369 2874 per
1401 2818 1489 2863 hoc
1511 2818 1638 2874 quod
1659 2833 1686 2862 a
1710 2819 1914 2863 mortuis
1943 2833 2154 2862 resurre-

117 2883 200 2926 xit.
248 2883 511 2939 Apostolus
548 2885 648 2942 jam
691 2886 910 2931 dicturus
953 2894 1056 2932 erat
1102 2889 1324 2946 quisnam
1362 2897 1489 2934 esset
1534 2891 1610 2934 vir
1649 2891 1750 2941 ille,
1791 2905 1963 2947 nempe
2008 2890 2153 2934 Jesus

118 2951 359 3003 Christus,
387 2969 536 3011 quum
562 2954 663 3011 ejus
687 2957 841 3001 oratio
878 2957 1039 3002 subito
1072 2959 1348 3016 interrupta
1382 2961 1503 3005 fuit:
1537 2961 1637 3005 haec
1670 2962 1825 3016 igitur
1859 2961 2152 3018 incompleta

122 3023 309 3066 mansit.
334 3022 587 3078 Universae
625 3026 866 3071 concionis
906 3028 1142 3085 analysim
1183 3030 1451 3074 secundum
1491 3030 1685 3088 regulas
1718 3031 1982 3076 rhetorices
2024 3045 2155 3076 nunc

110 3091 388 3137 'describere
411 3108 651 3139 conemur.

887 3226 1104 3258 ANALYSIS
1135 3227 1376 3258 ORATORIA.

181 3317 230 3362 S.
281 3319 453 3364 Paulus
497 3321 667 3364 miram
715 3323 927 3368 ostendit
975 3325 1295 3380 prudentiam,
1341 3341 1492 3384 quum
1536 3326 1814 3371 auditorum
1862 3327 2057 3384 ingenio
2104 3345 2155 3374 se

119 3387 459 3440 accommodet,
485 3395 540 3433 nt
564 3405 642 3434 eos
667 3391 757 3434 sibi
780 3394 1016 3445 conciliet,
1035 3401 1082 3438 et
1105 3395 1164 3438 ad
1187 3396 1438 3439 Christum
1462 3396 1708 3453 perducat.
1738 3397 1942 3453 Quando
1965 3397 2153 3443 Judaeis

117 3456 262 3507 fidem
310 3457 710 3512 praedicabamus
742 3469 881 3507 antea
921 3463 1146 3516 vidimuS,
1176 3464 1320 3521 fiebat
1357 3470 1598 3524 tamquam
1637 3467 1831 3512 Judaeus
1869 3471 1921 3511 ut
1965 3469 2153 3513 Judceos

120 3521 408 3578 lubravwetur
429 3541 556 3571 nunc
580 3529 780 3587 loquens
803 3533 1083 3588 gentilibus,
1103 3541 1152 3578 et
1174 3535 1692 3600 philosophisqquidem
1712 3538 1964 3583 cultioris
1953 3539 2154 3594 lngcnii,

56 3606 66 3609 *
122 3599 366 3671 tamquam
391 3596 703 3654 philosophus
726 3602 1059 3654 ratiocinatur,
1086 3618 1306 3648 sermone
1329 3612 1471 3650 utens
1494 3607 1635 3662 plane
1659 3607 1838 3658 Attico,
1865 3607 2154 3652 orationem·

2178 602 2231 640 31
