2430 4030
191 285 257 334 14
668 297 1018 333 1N'1‘RODUCT10
1058 298 1114 332 1N
1152 297 1314 333 Aeros
1354 297 1752 333 APOSTOLORUM.

261 429 332 480 Et
389 447 446 480 re
511 428 729 498 quidem
785 446 927 490 vera,
985 428 1206 479 nonnisi
1260 446 1366 479 una
1420 427 1654 478 refertur
1715 427 1870 478 Pauli
1936 427 2238 497 disputatio
2305 411 2310 416 ι

187 512 519 580 dogmatica,
568 513 660 562 illa
704 531 862 581 quam
917 512 1230 564 Antiochiae
1279 511 1500 563 Pisidiae
1548 512 1600 561 in
1652 511 1950 580 Synagoga
1994 513 2240 565 instituit

191 594 328 663 (cap.
375 594 539 656 XIII,
590 595 712 662 16);
759 613 863 644 una
907 595 1080 645 oratio
1124 594 1193 645 ad
1234 594 1489 662 gentiles,
1537 613 1599 645 ea
1643 612 1803 663 quam
1844 595 1898 645 in
1943 597 2235 663 Areopago

188 679 328 729 dixit
385 678 522 745 (cap.
577 677 764 739 XVII,
833 677 969 743 22),
1039 695 1179 727 unus
1245 694 1422 728 sermo
1490 677 1723 728 hominis
1788 677 1991 729 amicos
2058 677 2236 728 valere

181 760 444 828 jubentis,
475 761 565 811 ille
595 778 788 829 nempe
819 778 978 828 quem
1025 759 1202 810 Mileti
1233 759 1423 811 habuit
1457 758 1593 828 (cap.
1624 759 1747 822 XX,
1796 760 1881 826 18)
1909 781 1919 821 ;
1964 778 2088 824 una,
2130 778 2235 829 qua

187 843 513 894 seditionem
578 843 767 911 populi
832 843 1068 904 sedaret,
1138 843 1345 904 concio,
1416 842 1814 910 Hierosolymis
1880 843 2025 893 facta
2095 842 2234 910 (cap.

186 925 415 991 XXII),
469 944 574 976 una
625 927 905 995 alteraque
954 926 1208 993 apologia
1255 926 1338 976 sui
1384 925 1576 992 ipsius,
1629 924 1887 976 videlicet
1941 943 2063 976 cum
2117 941 2237 975 sese

189 1007 435 1059 defendit
481 1008 713 1075 primum
759 1026 942 1058 coram
993 1007 1174 1059 Felice
1225 1008 1363 1075 (cap.
1413 1006 1651 1074 XXIV),
1702 1013 1757 1057 et
1806 1006 2003 1058 deinde
2056 1024 2237 1058 coram

189 1091 440 1158 Agrippa
484 1090 620 1158 (cap.
662 1089 899 1156 XXVI).
944 1090 1150 1140 Eodem
1195 1090 1391 1140 ductus
1420 1089 1547 1151 fine,
1576 1095 1767 1141 auctor
1801 1091 2038 1140 Actuum
2067 1090 2238 1140 semel

188 1179 404 1224 tantum
446 1173 612 1223 refert
652 1172 879 1222 Paulum
923 1171 1156 1240 flagellis
1196 1190 1396 1223 caesum
1444 1171 1753 1240 (Philippis,
1785 1189 1901 1240 cap.
1932 1171 2089 1236 XVI,
2121 1171 2235 1236 22),

187 1261 281 1307 aut
326 1256 598 1325 lapidibus
647 1256 904 1307 obrutum
950 1256 1117 1307 fuisse
1170 1257 1425 1325 (Lystris,
1482 1275 1598 1326 cap.
1656 1257 1813 1321 XIV,
1873 1258 2010 1325 18),
2068 1275 2235 1307 unum

189 1346 454 1391 memorat
501 1340 845 1408 naufragium
892 1340 960 1391 ab
1010 1358 1072 1390 eo
1120 1358 1360 1407 passum,
1410 1342 1546 1392 illud
1594 1342 1850 1393 nimirum
1896 1341 2061 1410 quod,
2105 1341 2235 1392 dum

187 1424 292 1474 iret
338 1424 584 1486 Romam,
634 1424 833 1476 accidit
885 1423 1021 1492 (cap.
1070 1423 1367 1492 XXVII);
1416 1425 1551 1477 duas
1601 1426 1667 1476 ad
1723 1444 1995 1477 summum
2047 1424 2236 1475 inserit

187 1506 424 1558 visiones
453 1507 668 1575 proprie
698 1507 909 1558 divinas
939 1506 987 1556 ei
1015 1524 1318 1569 concessas,
1351 1526 1425 1559 sc.
1459 1507 1708 1559 Corinthi
1743 1508 1882 1575 (cap.
1912 1508 2136 1571 XVIII,
2178 1507 2232 1574 9)

188 1598 246 1640 et
275 1589 669 1658 Hierosolymis
712 1590 850 1658 (cap.
891 1588 1110 1651 XXIII,
1154 1589 1262 1655 ll).
1305 1590 1556 1653 Divinas,
1601 1591 1844 1659 inquam,
1886 1610 2009 1641 nam
2039 1595 2238 1658 praeter

188 1673 286 1724 has
315 1673 381 1723 de
411 1673 622 1724 duabus
651 1674 771 1723 aliis
815 1673 1018 1722 mentio
1046 1672 1108 1722 fit
1138 1692 1148 1722 :
1184 1692 1290 1723 una
1319 1673 1529 1723 Troade
1573 1674 1712 1742 (cap.
1749 1673 1906 1737 XVI,
1946 1674 2023 1740 9),
2066 1673 2239 1724 altera

189 1757 244 1807 in
277 1755 412 1806 mari
456 1755 594 1823 (cap.
637 1754 878 1805 XXVII.
923 1755 1050 1821 23),
1094 1756 1148 1804 in
1192 1756 1391 1823 quibus
1434 1767 1615 1806 tamen
1657 1776 1765 1808 non
1806 1758 1923 1825 ipse
1968 1755 2236 1806 Dominus

191 1839 360 1889 Paulo
426 1837 723 1889 videndum
790 1855 847 1887 se
912 1837 1167 1905 praebuit,
1224 1838 1319 1888 sed
1377 1839 1430 1888 in
1486 1839 1665 1906 priore
1724 1840 1808 1891 vir
1876 1838 2121 1901 Macedo,
2181 1838 2239 1888 in

190 1923 494 1992 posteriore
539 1923 770 1989 angelus
818 1923 866 1971 ei
914 1922 1147 1972 adstitit.
1196 1922 1381 1985 Porro,
1430 1942 1534 1973 una
1580 1931 1830 1976 narratur
1875 1923 2080 1975 extasis
2123 1921 2240 1990 ejus

196 2007 335 2074 (cap.
390 2005 577 2067 XXII,
640 2006 772 2071 17),
829 2005 994 2055 semel
1046 2005 1249 2073 legitur
1298 2016 1577 2057 mortuum
1619 2007 1689 2058 ad
1737 2008 1903 2058 vitam
1952 2022 2238 2058 revocasse

198 2090 552 2158 (Eutychum,
608 2108 723 2158 cap.
778 2088 902 2152 XX,
958 2089 1050 2156 9),
1107 2090 1275 2141 semel
1328 2091 1511 2154 etiam,
1566 2091 1870 2142 daemonem
1926 2109 1954 2141 e
2009 2107 2236 2158 corpore

192 2173 428 2224 hominis
476 2172 751 2240 expulisse
800 2171 942 2238 (cum
994 2171 1380 2239 Pythonissam
1429 2173 1703 2237 liberavit,
1750 2192 1868 2242 cap.
1917 2171 2076 2235 XVI,
2127 2171 2238 2238 18).

199 2254 354 2304 Adde
385 2256 601 2305 nonnisi
630 2273 789 2305 unam
819 2254 1234 2322 praedictionem
1263 2255 1318 2305 in
1350 2256 1585 2308 Actibus
1627 2258 1878 2320 inveniri,
1908 2263 2057 2324 puta,
2089 2254 2236 2305 illam

196 2356 300 2406 qua
347 2337 643 2405 Apostolus
689 2336 881 2387 didicit
924 2357 953 2386 a
1001 2335 1208 2403 Spiritu
1246 2345 1435 2388 sancto
1478 2340 1648 2389 multa
1689 2358 1747 2390 se
1788 2357 2076 2407 passurum
2118 2354 2238 2387 esse

198 2420 592 2488 Hierosolymis
646 2427 781 2487 (cap.
831 2419 956 2481 XX,
1007 2419 1135 2486 23);
1193 2431 1296 2471 etc.

805 2588 831 2654 ᾧ
878 2586 923 2636 7.
966 2587 1159 2636 Auctor
1198 2605 1286 2636 seu
1327 2586 1627 2638 authentia.

277 2738 480 2785 Auctor
509 2734 855 2801 intelligitur,
897 2735 1006 2801 qui,
1053 2734 1167 2783 Deo
1209 2741 1484 2798 movente,
1525 2735 1800 2803 dirigente
1829 2739 1884 2785 et
1911 2733 2237 2802 inspirante,

198 2819 422 2887 scripsit
466 2837 475 2868 :
515 2825 705 2868 auctor
744 2818 929 2885 itaque
969 2816 1318 2868 secundarius
1358 2819 1473 2869 sive
1514 2818 1801 2870 humanus.
1843 2821 2054 2868 Auctor
2094 2817 2238 2868 enim

188 2901 493 2971 primarius
545 2900 786 2951 omnium
840 2919 884 2950 s,
949 2899 1248 2968 Scripturae
1307 2901 1569 2953 librorum
1632 2920 1772 2952 unus
1825 2901 2082 2969 idemque
2135 2907 2238 2962 est,

200 2985 347 3036 Deus
394 3003 487 3035 seu
539 2983 777 3052 Spiritus
820 2989 1064 3034 sanctus.

271 3067 395 3117 Jam
443 3085 587 3128 vero,
637 3075 792 3117 extra
844 3084 1002 3116 omne
1050 3065 1278 3116 dubium
1326 3075 1427 3130 est,
1476 3067 1728 3118 eumdem
1776 3085 1819 3117 s.
1869 3065 2089 3128 Lucam,
2147 3065 2239 3134 qui

199 3151 425 3202 tertium
478 3150 753 3201 ordinavit
807 3140 1189 3216 Evangelium,
1245 3148 1390 3199 hunc
1445 3167 1659 3218 quoque
1726 3151 1963 3199 Actuum
2033 3148 2236 3198 librum

199 3234 571 3285 concinnasse.
618 3232 975 3296 Quisrautem
1022 3232 1188 3283 fuerit
1238 3232 1431 3294 Lucas,
1480 3233 1684 3283 dicitur
1729 3232 1783 3281 in
1832 3230 2238 3298 prolegomenis

199 3317 269 3368 ad
315 3315 432 3384 ejus
483 3316 867 3382 Evangelium.
1306 3370 1317 3379 Δ,

274 3401 616 3466 Argumenta
642 3397 939 3448 authentiae
967 3401 1180 3447 aeterna
1208 3414 1237 3447 e
1267 3398 1633 3448 monumentis
1659 3397 1933 3448 historicis
1955 3402 2239 3460 eruuntur,

199 3501 395 3552 nempe
422 3501 451 3534 e
491 3482 819 3534 testimoniis
859 3498 930 3532 ss,
974 3481 1198 3531 Patrum
1231 3467 1848 3550 antiquissimorumque
1889 3481 2238 3549 scriptorum,

200 3567 295 3637 qui
357 3566 598 3618 unanimi
661 3581 934 3616 consensu
998 3563 1103 3614 hoc
1165 3581 1305 3631 opus
1357 3582 1400 3615 s..
1459 3565 1619 3616 Lucae
1671 3564 1940 3623 tribuunt.
1999 3563 2125 3615 Jam
2191 3581 2237 3615 s·
