2430 4030
0 399 51 462 ’ἐϋ

719 329 870 364 PETRI
915 331 1106 368 ORATIO
1145 334 1234 369 DIE
1274 335 1642 375 PEN'I'ECOSTES.
2121 333 2190 383 57

163 459 196 496 *
226 456 298 510 Et
332 458 478 511 erit:
509 459 706 523 omniS,
749 461 1077 532 quicumque
1116 464 1450 519 invocaverit
1490 487 1687 539 nomen
1731 473 1964 540 Domini,
2009 479 2188 532 salvus
2211 487 2262 526 21

159 538 282 591 erit.
330 544 364 581 ²¹<
408 540 528 593 Viri
575 541 862 606 Israelitae,
908 545 1092 596 audite
1146 548 1313 599 verba
1364 550 1539 602 haec·:
1589 551 1774 605 Jesum
1829 556 2188 626 Nazarenum,
2211 575 2263 612 22

159 620 334 673 virum
377 623 740 692 approbatum
786 643 817 674 a
860 626 976 678 Deo
1024 628 1078 678 in
1129 629 1306 692 vobis,
1355 632 1669 697 virtutibus,
1713 643 1767 687 et
1809 639 2091 708 prodigiis,
2135 649 2190 693 et

157 703 355 772 signiS,
399 721 527 774 quae
571 706 702 758 fecit
748 706 895 758 Deus
941 726 1039 776 per
1081 710 1233 761 illum
1277 713 1334 763 in
1382 714 1558 766 medio
1601 719 1784 781 vestri,
1823 721 1963 772 sicut
2003 729 2058 774 et
2092 742 2188 776 vos

158 784 310 837 scitis
341 805 351 837 :
385 789 418 826 *
445 785 591 838 hunc
630 787 857 839 definito
900 791 1147 855 consilio,
1179 797 1234 844 et
1261 796 1605 862 praescientia
1649 798 2065 868 Dei‘traditum,
2094 824 2187 873 per
2209 816 2264 853 23

215 1009 332 1054 DIES
371 1010 554 1055 DOMINI
586 1029 595 1055 ε
632 1017 823 1069 tempus
860 1027 954 1070 quo
995 1014 1124 1058 Deus
1158 1016 1398 1073 praecipua
1430 1018 1632 1074 quadam
1667 1020 1849 1065 ratione
1883 1037 1986 1067 sese
2018 1030 2184 1070 notum

157 1077 284 1130 facit,
336 1079 386 1122 in
434 1081 607 1136 specie,
659 1095 754 1138 quo
804 1083 1069 1138 potentiam
1124 1097 1256 1127 suam
1306 1091 1469 1130 notam
1522 1087 1647 1138 facit,
1691 1090 1767 1133 vel
1811 1091 2039 1143 strictius,
2092 1109 2184 1151 quo

157 1153 444 1204 potestatem
470 1164 607 1194 suam
633 1151 854 1196 ultricem
879 1153 1112 1198 adversus
1135 1154 1350 1198 homiues
1386 1156 1535 1200 malos
1570 1162 1618 1201 et
1649 1159 1820 1213 impios
1845 1162 2019 1214 exerit;
2055 1178 2182 1220 ergo,

153 1224 348 1274 tempus
389 1233 484 1276 quo
517 1219 700 1276 judicia
736 1221 944 1278 justitiae
984 1238 1083 1267 suae
1124 1223 1328 1267 vindicis
1369 1226 1416 1268 in
1456 1226 1635 1270 mundo
1676 1235 1859 1272 exercet,
1892 1245 2181 1290 magnasque

152 1287 299 1332 infert
339 1289 651 1333 calamitates.
692 1290 796 1333 Hoc
835 1291 1006 1335 ultimo
1044 1307 1189 1338 sensu
1223 1295 1399 1338 dicitur
1436 1294 1502 1337 Is.
1543 1295 1611 1348 II,
1647 1296 1726 1349 12;
1764 1296 1908 1349 XIII,
1943 1300 1980 1350 6,
2013 1300 2066 1351 9;
2101 1301 2181 1345 Ez.

151 1355 302 1409 XIII,
341 1357 394 1410 53
432 1357 554 1401 Joel.
594 1358 634 1410 Ι,
671 1359 744 1412 15;
792 1359 1002 1417 Sophon.
1038 1362 1076 1413 I,
1111 1364 1134 1407 7
1169 1370 1243 1407 etc
1276 1360 1387 1407 Dies
1419 1363 1611 1407 Domini
1645 1364 1734 1408 κατ’
1771 1370 1912 1420 εξοχην
1953 1367 2044 1412 erit
2081 1369 2180 1414 dies

151 1425 311 1470 ultimi
346 1426 532 1483 judicii,
575 1428 676 1472 dies
715 1430 886 1473 mundi
920 1431 1094 1484 fatalis,
1129 1447 1222 1489 quo
1256 1432 1383 1476 Deus
1417 1433 1595 1476 cladem
1634 1435 1862 1480 immittet
1895 1451 2180 1493 supremam,

150 1513 437 1558 omnemque
492 1502 795 1559 impietatem
851 1505 1158 1548 severissime
1199 1519 1252 1548 ac
1299 1505 1563 1550 decretoria
1618 1509 1855 1553 sententia
1907 1511 2178 1556 ulciscetur.

151 1569 331 1615 Omnes
361 1572 444 1616 alii
477 1572 574 1616 dies
606 1573 813 1625 Domini,
848 1574 1025 1632 quibus
1062 1590 1144 1631 per
1178 1577 1446 1619 seculorum
1472 1577 1725 1621 decursum
1751 1593 1902 1634 poenae
1928 1591 1975 1625 et
1996 1583 2180 1626 calami-

150 1644 277 1684 tates
301 1655 490 1698 magnae
511 1642 560 1684 in
588 1641 808 1686 homines
844 1658 1019 1699 pravos
1054 1643 1291 1687 divinitus
1325 1644 1614 1695 inferuntur,
1650 1652 1761 1690 sunt
1793 1648 1992 1692 totidem
2014 1650 2181 1706 figurae

147 1711 290 1756 istius
328 1711 422 1756 diei
466 1713 641 1765 ultimi,
683 1720 832 1771 atque
870 1714 976 1758 ideo
1016 1714 1176 1758 verbis
1219 1714 1389 1757 iisdem
1421 1716 1497 1759 vel
1530 1716 1765 1760 similibus
1799 1717 2136 1765 describuntur
2170 1741 2180 1767 ι

149 1782 218 1826 sic
258 1782 316 1826 de
353 1783 486 1828 clade
526 1783 934 1841 Jerosolymitana
974 1784 1152 1828 dicitur
1189 1785 1264 1828 hic
1303 1785 1370 1828 sol
1420 1789 1698 1830 convertetur
1735 1788 1785 1831 in
1831 1789 2034 1834 tenebras
2075 1798 2179 1845 etc„

148 1852 367 1911 illudque
393 1853 556 1910 ipsum
590 1853 763 1899 Matth.
799 1854 987 1906 XXIV,
1022 1855 1078 1898 29
1112 1855 1171 1899 de
1203 1856 1369 1900 mundi
1404 1858 1602 1900 interitu
1636 1860 2000 1912 praenuntiatur.

206 1922 385 1967 Dms...
425 1936 717 1969 MANIFESTUS
750 1944 758 1969 :
796 1934 1007 1979 επιφανης,
1041 1926 1307 1982 9loriosus;
1347 1928 1395 1969 in
1428 1927 1616 1971 hebraeo
1646 1934 1805 1973 autem
1838 1930 1963 1985 apud
1995 1931 2175 1976 Joelem

150 1992 391 2038 terribilis.

204 2062 272 2107 21.
305 2062 598 2118 choMQUs
624 2077 936 2110 INVOCAvsRn:
963 2078 1124 2110 NOMEN
1151 2067 1346 2119 DOMINI,
1370 2067 1451 2125 qui
1470 2068 1580 2112 ιῙεεα
1606 2067 1779 2113 Christi
1790 2068 1931 2124 fidem
1949 2070 2175 2126 professus

141 2131 304 2188 suerit,
329 2145 499 2178 SALVUS
523 2147 653 2187 ERIT,
678 2136 822 2179 istam
857 2136 1027 2180 evadet
1060 2137 1394 2181 calamitatem.
1431 2139 1493 2180 Et
1526 2152 1576 2181 re
1608 2138 1798 2195 quidem
1831 2153 1955 2190 vera,
1987 2139 2173 2183 christi·

146 2201 243 2255 ani,
270 2201 507 2247 divinitus
532 2204 782 2257 admoniti,
812 2206 951 2261 paulo
985 2211 1096 2249 ante
1129 2207 1427 2251 obsidionem
1459 2207 1784 2265 Jerosolymae,
1823 2208 1994 2253 Pellam
2016 2209 2173 2253 confu-

145 2270 349 2328 gientes,
393 2274 516 2318 cladi
557 2288 662 2319 sese
703 2275 1048 2320 subtraxerunt
1092 2276 1329 2330 (Euseb,
1368 2277 1492 2322 Hist.
1531 2277 1629 2321 eccl.
1672 2277 1764 2328 III,
1803 2277 1864 2329 5).

203 2341 275 2385 22.
305 2342 547 2387 Oonnexio
566 2343 721 2400 logica
740 2358 849 2388 cum
870 2346 1255 2401 praecedentibus
1279 2346 1380 2390 haec
1404 2354 1476 2391 est
1499 2366 1507 2389 :
1534 2347 1708 2403 itaque,
1735 2353 1787 2389 ut
1812 2346 2174 2392 terribilissimae

147 2411 255 2456 istae
290 2426 445 2468 poenae
477 2427 505 2456 a
537 2413 674 2458 vobis
707 2426 978 2466 arceantur,
1015 2416 1232 2460 invocate
1263 2431 1437 2460 nomen
1481 2416 1670 2459 Domini
1704 2435 1712 2459 :
1748 2415 1978 2460 Dominus
2014 2422 2172 2459 autem

144 2479 238 2532 ille,
263 2495 407 2539 quem
433 2483 656 2528 invocare
678 2483 884 2536 debetis,
919 2488 993 2529 est
1026 2485 1172 2529 Jesus
1207 2486 1447 2537 Christus,
1473 2500 1675 2542 eumque
1698 2500 1823 2530 nunc
1847 2485 1980 2530 vobis
2004 2490 2171 2530 notum

144 2547 329 2594 faciam.

202 2619 374 2666 VIRUM
405 2633 456 2665 IN
489 2633 636 2673 VOBIS,
669 2641 720 2666 εις
754 2628 863 2676 ὑμας,
896 2623 958 2668 ad
988 2639 1080 2676 vos,
1113 2626 1261 2668 vestri
1295 2639 1448 2675 causa,
1482 2637 1803 2676 APPROBATUM,
1826 2629 2166 2679 αποδεδειγμενον,

143 2689 228 2748 qui
269 2689 537 2747 plenissime
583 2691 926 2736 demonstratus
970 2693 1063 2737 fuit
1111 2708 1139 2736 A
1187 2694 1290 2737 Dno
1336 2700 1579 2750 tamquam
1627 2694 1838 2738 Messias.
1883 2692 2167 2748 Quomodo?

140 2772 422 2805 VIRTUTIBUS
461 2769 564 2814 etc„
607 2777 692 2818 per
734 2765 867 2808 varia
909 2768 956 2807 et
997 2765 1248 2808 innumera
1291 2765 1518 2808 miracula
1559 2778 1666 2821 quae
1713 2764 1840 2821 fecit,
1886 2778 1968 2807 seu
2011 2764 2167 2820 potius

141 2845 247 2886 QUAE
268 2845 402 2876 ῈΕΟΙΤ
425 2834 528 2890 ipse
551 2833 686 2878 Dens
710 2847 801 2878 PER
831 2847 992 2879 ILLUM.
1026 2835 1385 2879 Animadvertit
1410 2850 1446 2878 s.
1476 2835 1645 2892 Chrys.
1670 2835 1729 2878 ad
1751 2835 1796 2877 h.
1822 2836 1867 2886 1.,
1897 2835 2085 2879 Petrum
2110 2834 2168 2878 de

141 2903 174 2948 J
177 2917 263 2947 esu
287 2903 419 2961 loqui
444 2903 723 2961 prudenter,
748 2911 994 2963 tamquam
1018 2905 1075 2949 de
1100 2905 1292 2950 homine
1316 2905 1478 2949 divina
1499 2906 1679 2949 virtute
1703 2904 1913 2960 praeditc.
1939 2904 2164 2948 Miracula

141 2977 302 3017 autem
335 2978 571 3016 vocantur
604 2973 811 3025 virtutes,
846 2980 1087 3032 quatenus
1119 2974 1326 3031 potentia
1359 2974 1577 3030 quaedam
1613 2973 1983 3018 extraordinaria
2014 2975 2060 3017 in
2094 2975 2162 3018 eis

142 3042 392 3100 splendet3
431 3042 666 3100 prodiqia,
707 3050 946 3101 quatenus
987 3044 1354 3088 admirationem
1394 3049 1442 3087 et
1480 3048 1711 3087 terrorem
1748 3043 1955 3087 excitant
1976 3064 1988 3096 ;
2028 3045 2163 3099 siyna

67 3123 74 3125 “
141 3127 274 3164 vero,
322 3119 564 3171 quatenus
609 3113 822 3158 divinam
880 3114 1177 3158 voluntatem
1226 3113 1481 3164 declarant,
1528 3117 1763 3169 quatenus
1812 3126 1895 3168 per
1936 3126 1990 3156 ea
2031 3113 2160 3158 Deus

80 3242 94 3249 ‘
142 3181 387 3240 significat
418 3182 590 3226 Jesum
623 3197 728 3226 esne
762 3197 931 3228 verum
963 3183 1205 3234 Messiam,
1238 3183 1437 3239 ejusque
1476 3181 1754 3238 religionem
1787 3182 2000 3226 divinam
2042 3197 2160 3227 esse.

199 3251 274 3295 23.
307 3250 466 3295 Hunc.
501 3251 770 3295 Pronomen
803 3251 1238 3296 demonstrativum
1270 3250 1438 3294 abesse
1468 3255 1670 3307 poterat,
1692 3250 1775 3294 sed
1798 3255 1926 3295 recte
1947 3251 2163 3295 additum

139 3323 246 3376 fuit,
270 3330 470 3380 propter
495 3325 726 3382 majorem
753 3325 851 3369 vim
875 3340 928 3369 ac
957 3324 1348 3382 perspicuitatem
1371 3324 1617 3367 orationis.
1638 3323 1892 3368 TRADITUM
1914 3324 2063 3376 vobis,
2087 3324 2164 3368 vel

140 3409 169 3438 a
210 3393 312 3439 Deo
354 3394 432 3438 vel
469 3407 496 3437 a
546 3394 675 3438 Juda
721 3395 992 3451 proditore;
1034 3408 1130 3437 non
1174 3398 1334 3436 autem
1370 3407 1398 3435 a
1434 3392 1568 3437 vobis
1606 3392 1846 3438 devictum
1883 3397 1967 3437 aut
2003 3397 2165 3437 vestra

141 3469 382 3523 potestate
412 3465 684 3510 subactum.
721 3465 892 3511 Petrus
927 3465 1087 3509 tacitae
1120 3464 1328 3507 occurrit
1351 3462 1602 3519 objectioni
1626 3462 1737 3506 huic
1762 3481 1771 3506 ε
1798 3463 1837 3506 si
1864 3461 1895 3506 J
1898 3477 2006 3507 esus
2030 3469 2162 3508 tanta

46 3557 55 3597 '.
139 3535 375 3592 praeditus
393 3536 496 3587 ,fuit
515 3536 702 3581 virtute
727 3541 782 3580 ut
806 3534 1035 3579 miracula
1058 3537 1284 3590 patraret,
1318 3546 1463 3589 quare
1494 3531 1636 3576 morti
1670 3546 1722 3576 se
1751 3546 1847 3576 non
1879 3532 2158 3589 subripuit?

196 3605 429 3654 Dnrlm'ro
465 3620 679 3653 CONSILIO
708 3619 764 3652 ET
796 3617 1110 3651 PBAESCIENTIA
1143 3603 1234 3647 DEI
1264 3615 1507 3647 TRADITUM
1539 3621 1548 3646 ε
1581 3602 1640 3646 ab
1672 3607 1849 3648 aeberno
1888 3603 2160 3648 decreverat
