2430 4030
909 362 1125 400 enmono
1164 365 1424 402 MATTHIAE.
2107 366 2176 416 49

135 487 262 540 ,fieri
305 505 471 540 unum
517 507 585 540 ex
629 491 763 543 istis.
795 496 828 532 ³¹<
859 491 928 544 Et
970 498 1279 549 statuerunt
1307 498 1468 562 duos,
1504 501 1730 570 Joseph,
1761 507 1852 574 qui
1882 509 2178 563 vocabatur
2198 526 2251 564 23

145 571 432 638 Barsabas,
462 575 553 643 qui
580 577 998 656 cognominatus
1027 586 1109 632 est
1138 581 1173 633 J
1179 589 1350 646 ustus„
1380 589 1434 635 et
1466 581 1772 642 Matthiam.
1798 594 1830 632 ³¹<
1863 592 1932 643 Et
1960 600 2177 647 orantes
2198 611 2252 648 24

145 654 438 710 dixerunt:
482 656 560 708 'Pu
608 657 855 723 Domine,
900 660 992 729 qui
1043 662 1206 714 corda
1260 667 1403 715 nosti
1449 669 1707 732 omnium,
1751 674 1975 725 ostende
2018 692 2173 744 quem

146 737 380 807 elegeris
408 756 478 791 ex
503 738 590 791 his
617 739 833 793 duobus
856 760 1049 806 funum,
1098 748 1129 784 ³¹<
1174 746 1418 814 accipere
1451 748 1626 802 locum
1672 753 1958 806 ministerii
2000 757 2175 824 hujus,
2199 775 2251 814 25

145 825 202 871 et
227 821 588 889 apostolatus,
631 822 698 873 de
739 840 845 892 quo
887 825 1277 892 praevaricatus
1314 834 1398 879 est
1426 829 1599 883 Judas
1631 839 1687 884 ut
1715 835 1889 888 abiret
1917 837 1970 887 in
1999 837 2175 890 locum

145 921 324 956 suum.
352 908 384 945 ²¹<
415 905 488 956 Et
515 905 786 958 dederunt
813 913 988 959 sortes
1018 909 1114 971 eiS,
1145 915 1198 961 et
1229 911 1424 963 cecidit
1451 931 1566 967 sors
1595 933 1757 984 super
1789 917 2093 986 Matthiam,
2122 928 2176 975 et
2197 938 2251 976 26

143 994 534 1040 annumeratus
564 994 648 1041 est
674 1008 796 1041 cum
826 990 1080 1042 undecim
1111 992 1415 1060 Apostolis.

144 1333 287 1386 aptus
337 1329 400 1374 sit
442 1328 526 1373 illa
579 1330 740 1374 omnia
785 1330 999 1385 legitime
1051 1337 1099 1376 et
1149 1332 1408 1379 efficienter
1459 1334 1747 1390 praedicare;
1801 1337 1926 1393 quod
1981 1337 2173 1394 quidem

145 1399 482 1457 requirebatur
519 1404 574 1443 ut
610 1400 718 1457 quis
756 1405 914 1444 essset
952 1401 1196 1456 apostolus
1238 1417 1379 1446 verus
1419 1410 1467 1447 et
1507 1404 1674 1448 stricte
1714 1404 1886 1449 dictus.

203 1468 274 1512 23.
299 1469 600 1512 Annuerunt
634 1483 801 1512 omnes
837 1469 996 1521 Petro,
1028 1475 1075 1514 et
1107 1470 1201 1514 duo
1234 1471 1472 1515 candidati
1506 1472 1705 1517 fuerunt
1735 1475 1969 1530 propositi
2003 1493 2012 1519 :
2050 1490 2173 1519 unus

142 1537 328 1596 Joseph,
368 1537 450 1595 qui
488 1538 831 1595 patronymico
871 1540 1065 1584 nomine
1097 1541 1357 1585 vocabatur
1395 1541 1661 1585 Barsabbas
1704 1542 1847 1599 (filius
1886 1543 2059 1595 Sabbas,
2101 1546 2176 1588 vel

146 1610 312 1666 effebus),
353 1615 400 1655 et
437 1610 847 1666 agnominabatur
881 1618 1054 1663 Ιουστος,
1088 1613 1213 1670 quod
1247 1617 1321 1656 est
1352 1614 1510 1669 ipsum
1546 1628 1717 1658 nomen
1753 1615 1951 1659 latinum
1983 1616 2174 1668 hastas,-

144 1682 268 1727 alter
299 1695 411 1726 vero
443 1680 701 1732 Matthias.

205 1752 275 1796 24.
309 1750 380 1795 TU
420 1750 614 1794 DOMINI«)
638 1756 727 1794 etc.
752 1750 812 1794 ad
836 1750 1086 1796 Christum
1122 1765 1278 1796 sermo
1304 1752 1406 1795 fieri
1429 1752 1651 1805 videtum
1686 1767 1793 1796 nam
1820 1755 1863 1795 1⁰
1885 1767 1930 1797 v.
1955 1753 2006 1797 21
2032 1753 2174 1797 Jesus

146 1826 345 1865 vocatur
375 1819 627 1871 Dominus,
662 1819 708 1862 2⁰
739 1831 887 1876 Supra
919 1836 963 1864 v.
1001 1822 1026 1865 2
1058 1821 1284 1865 Christus
1317 1821 1496 1864 dicitur
1528 1821 1754 1878 apostolos
1791 1822 2016 1878 elegisse;
2051 1837 2176 1866 nunc

143 1890 325 1947 pariter
348 1889 408 1934 ad
436 1889 595 1946 ipsum
626 1893 817 1946 spectat
842 1890 999 1934 virum
1025 1889 1278 1947 designare
1313 1904 1454 1948 quem
1494 1891 1539 1933 in
1574 1891 1726 1935 locum
1762 1890 1900 1934 Judae
1933 1905 2174 1935 assumere

142 1960 275 2005 velit.
301 1959 441 2004 Adde
464 1959 523 2003 ab
550 1958 717 2004 eodem
743 1959 938 2004 Christo
966 1959 1165 2004 Saulum
1193 1960 1241 2003 in
1269 1959 1346 2004 via
1372 1959 1430 2003 ad
1458 1959 1744 2003 Damascum
1782 1961 1907 2003 inter
1938 1960 2174 2016 apostolos

143 2035 416 2087 cooptatum
440 2029 611 2075 fuisse.
635 2054 690 2061 --
721 2029 814 2085 Qm
837 2030 966 2075 solus
991 2042 1139 2074 coum.
1163 2042 1299 2074 Nosn
1322 2042 1530 2082 OMNHJM,
1556 2030 1766 2086 adeoque
1787 2030 1885 2073 falli
1909 2044 2003 2074 non
2027 2034 2174 2086 potes,

142 2099 259 2144 dum
292 2114 380 2145 nos
414 2106 605 2151 contra,
637 2099 923 2144 exteriorem
957 2099 1166 2144 hominis
1201 2099 1366 2143 faciem
1401 2104 1606 2151 tantum,
1639 2114 1731 2143 non
1765 2099 1990 2143 interiora
2021 2098 2174 2143 cordis

145 2183 298 2221 sensa,
331 2169 573 2220 videntes,
613 2168 750 2213 facile
785 2182 1022 2212 erramus.

203 2240 275 2284 25.
321 2239 489 2284 Loctm
527 2252 795 2284 Mimsrassn
832 2251 979 2282 ausus
1023 2251 1080 2282 ET
1123 2250 1433 2282 APOSTOLATUS
1474 2256 1482 2281 :
1529 2237 1790 2289 hendiadis,
1827 2252 1995 2281 ‘munus
2034 2236 2174 2293 hujus

144 2310 397 2354 ministerii
419 2309 678 2367 apostolici.
704 2309 776 2353 Da
799 2321 890 2362 Quo
912 2319 1269 2352 PRAEVARICATUS
1301 2321 1379 2351 EST
1412 2307 1441 2351 J
1446 2319 1584 2358 unAs,
1609 2311 1650 2357 εξ
1671 2305 1712 2359 ᾑς
1738 2307 1831 2360 (vel
1857 2307 2011 2362 potius
2036 2305 2173 2360 αφ’ᾐς)

143 2387 311 2435 παρεέη,
335 2380 388 2423 de
410 2394 496 2438 quo
520 2393 721 2424 munere
745 2378 966 2429 discessit,
989 2377 1118 2435 quod
1141 2377 1370 2421 deseruit.
1394 2377 1465 2421 Ua:
1488 2389 1611 2427 1RET,
1634 2382 1883 2431 πορευθῃναι,
1909 2375 2174 2420 infinitivus

143 2449 284 2502 finis3
318 2449 565 2495 indicatur
596 2449 708 2494 finis
741 2449 802 2493 ad
834 2462 978 2506 quem
1020 2448 1170 2492 Judas
1208 2447 1464 2500 tendebat3
1500 2447 1743 2498 nimirum,
1775 2453 1883 2490 actu
1916 2460 2001 2490 suo
2034 2446 2174 2496 malo,

143 2519 308 2578 potius
341 2535 483 2578 quam
518 2534 746 2577 expressa
778 2520 954 2564 mentis
988 2519 1248 2563 voluntate.
1284 2517 1341 2560 ΙΝ
1374 2529 1532 2561 Locum
1569 2516 1887 2561 damnationis
1921 2527 2061 2565 SUUM,
2084 2515 2172 2558 sibi

146 2591 460 2636 destinatum.
490 2591 582 2636 Per
606 2591 990 2648 euphemismum
1024 2590 1091 2633 ita
1123 2593 1323 2633 vocatur
1354 2587 1576 2645 qehemza.
1616 2587 1771 2630 Simili
1803 2587 1942 2630 modo
1963 2586 2174 2642 loquitur

147 2674 186 2705 s.
229 2660 453 2717 Ignatius
493 2661 572 2715 (ad
614 2660 792 2717 Magn„
830 2673 868 2703 c.
913 2659 955 2713 ὃ)
999 2678 1008 2703 :
1048 2659 1158 2704 Post
1199 2661 1403 2707 mortem,
1441 2658 1521 2707 ait,
1559 2656 1750 2713 quisque
1780 2655 1830 2699 in
1863 2654 2008 2698 locum
2040 2667 2172 2698 suum

69 2763 72 2767 Δ
147 2731 218 2786 (εις
247 2750 319 2775 του
350 2736 445 2776 ιδιον
479 2732 619 2787 τοπον)
656 2731 759 2775 ibit.

203 2800 273 2846 26.
317 2801 582 2846 Damnum}
625 2813 811 2847 somns.
853 2799 911 2843 Id
952 2804 1113 2844 autem
1156 2812 1209 2841 ex
1261 2796 1579 2852 inspiratione
1621 2794 1783 2839 diviua
1834 2793 2060 2842 fecerunt,
2112 2790 2172 2835 ad

143 2884 325 2916 morem
362 2871 495 2916 illius
535 2872 666 2929 quod
706 2884 834 2927 taepe
873 2869 1002 2926 apud
1039 2859 1270 2912 Hebraeos
1308 2866 1466 2916 fiebat,
1500 2863 1691 2922 quando
1724 2863 1930 2906 humana
1961 2860 2173 2904 haerebat

143 2940 416 2997 prudentia,
439 2941 499 2986 cf.
527 2941 558 2986 J
563 2955 677 2986 osue
703 2940 818 2994 VII,
840 2940 915 2992 ]6;
942 2944 1070 2983 sorte
1092 2938 1236 2982 etiam
1262 2935 1567 2979 statuebatur
1585 2934 1779 2990 quinam
1803 2946 1828 2975 e
1850 2929 2171 2975 sacerdotibus

143 3011 193 3056 in
241 3012 424 3070 templo
471 3012 745 3056 ministerio
795 3024 930 3055 sacro
977 3007 1188 3053 vicissim
1242 3005 1378 3062 fungi
1427 3003 1672 3055 deberent,
1719 3002 1830 3045 Luc.
1886 3000 1923 3052 I,
1965 3000 2004 3044 9.
2056 2998 2170 3042 Ideo

145 3081 366 3128 fortassis
387 3082 450 3130 ad
473 3088 654 3129 sortem
680 3095 926 3126 recurrere
946 3078 1131 3123 inducti
1158 3081 1271 3121 sunt
1296 3075 1513 3132 apostoli,
1538 3073 1662 3131 quod
1690 3070 1928 3128 Spiritum
1953 3073 2168 3112 sanctum

98 3162 103 3166 ⁴
145 3155 361 3200 nondum
401 3156 715 3213 accepissent,
755 3167 911 3211 neque
953 3151 1071 3196 satis
1109 3149 1264 3193 adhuc
1305 3146 1567 3191 illuminati
1600 3148 1776 3194 essent,
1811 3150 1864 3186 ut
1895 3143 2167 3186 electionem

143 3225 271 3271 tanti
312 3218 544 3272 momenti
587 3240 676 3271 suo
714 3227 1002 3283 peragerent
1035 3219 1228 3277 judicio.
1261 3218 1346 3263 Vel
1382 3221 1560 3260 sortem
1594 3213 1821 3258 adhibere
1852 3213 1909 3256 iis
1942 3211 2170 3255 divinitus

142 3295 353 3340 inditum
384 3295 478 3342 fuit
509 3302 565 3341 ut
595 3296 676 3344 hic
705 3293 954 3351 apostolus
987 3291 1167 3334 directe
1198 3289 1255 3332 ab
1297 3288 1402 3343 ipso
1434 3285 1648 3336 Christo,
1671 3283 1794 3328 siout
1824 3282 1903 3326 alii
1935 3280 2171 3330 undecim,

52 3354 77 3387 ⁵*
100 3354 103 3355 ⁷
143 3366 438 3412 constitutus
461 3371 606 3411 esset.
631 3365 708 3410 Ad
731 3364 875 3421 hujus
901 3360 1147 3407 electionis
1173 3358 1507 3407 imitationem,
1534 3352 1701 3411 primis
1737 3351 1961 3396 Ecclesiae
1985 3349 2171 3410 seculis,

46 3443 69 3458 ’·
144 3436 358 3493 episcopi
401 3440 536 3481 sorte
572 3435 818 3481 interdum
859 3431 1095 3477 nominati
1130 3429 1354 3478 fuerunt3
1398 3425 1481 3470 sed
1527 3437 1644 3468 usus
1693 3422 1772 3466 ille
1815 3422 2072 3476 numquam
2124 3418 2169 3460 in

32 3504 120 3567 1³*
142 3506 363 3570 regulam
384 3506 582 3553 transiit
604 3505 897 3566 generalem,
930 3507 980 3549 et
1014 3507 1122 3558 post
1154 3496 1346 3556 aliquod
1379 3495 1611 3553 temporis
1646 3493 1857 3550 spatium
1889 3488 2170 3564 reprobatus

66 3603 88 3610 ff
117 3571 252 3626 Just.
277 3575 474 3623 videsis
506 3577 900 3622 dissertationem
932 3574 985 3618 de
1017 3570 1228 3616 electione
1257 3583 1338 3626 per
1368 3570 1508 3612 sortes
1541 3578 1683 3623 quam
1717 3563 2056 3630 commentario
2086 3568 2170 3600 suo

0 3111 35 3129 ἰ
0 2844 41 3079 *ffflmaezzwv
4 2734 38 2826 rm·
14 2604 37 2617 ,-
16 2575 18 2578 <
