2430 4030
607 330 804 369 PAULUS
843 326 1098 365 CORINTHI
1135 322 1304 359 JESUM
1344 319 1626 356 PRAEDIOA'I'.
2036 300 2128 351 19]

370 485 463 530 111.
503 485 696 532 PAusz,
731 482 968 525 UofflN'rm
999 489 1083 521 nm
1115 487 1344 524 MORA'rus,
1376 485 1518 517 REDrr
1540 473 1881 534 'Ammonilia

881 560 978 591 CAP.
1014 544 1210 596 XVIII,
1255 543 1374 588 1-22.

180 676 564 730 Summarium.
618 671 939 724 Corinthum
986 669 1157 727 venit,
1206 667 1303 718 ubi
1348 664 1584 733 singulis
1632 664 1882 715 sabbatis
1929 663 2143 715 Judaeis

106 759 368 827 praedicat
414 756 635 817 Jesum3
684 752 926 814 interim,
981 751 1037 800 in
1091 750 1253 800 domo
1307 748 1534 817 Aquilae,
1583 752 1700 798 arte
1746 746 2146 799 scenofactoria

107 842 310 895 victum
339 841 444 892 sibi
471 855 794 907 comparans
828 835 999 902 (1-4)..
1042 832 1507 901 Repugnantibus
1535 830 1767 894 Judaeis,
1795 829 1864 882 ad
1904 830 2146 899 gentiles

108 944 165 977 se
207 925 498 987 convertit,
537 921 740 989 majore
777 937 899 970 cum
945 918 1128 968 fructu
1167 915 1330 982 (5-8).
1372 914 1600 966 Visione
1640 914 1935 976 animatUS,
1983 913 2146 964 docet

107 1008 185 1059 ibi
237 1026 334 1075 per
386 1006 771 1074 sesquiannum
831 1001 1041 1068 (9-11);
1110 998 1254 1066 aqud
1310 997 1610 1049 Gallionem
1670 997 2061 1048 Proconsulem
2116 1015 2146 1046 a

109 1089 319 1140 Judaeis
369 1094 673 1148 accusatur,
724 1084 922 1153 quibus
969 1089 1153 1133 tamen
1207 1099 1293 1132 res
1347 1081 1485 1131 male
1539 1080 1687 1131 cedit
1745 1078 1987 1147 (12-17).
2042 1079 2147 1131 Per

112 1172 406 1240 Ephesum,
438 1170 740 1222 Caesaream
770 1174 826 1217 et
855 1165 1314 1233 Hierosolymam,
1343 1163 1488 1214 redit
1522 1163 1869 1214 Antiochiam
1906 1162 2144 1230 (18-22).

183 1289 216 1325 *
260 1285 390 1334 Post
428 1284 541 1334 haec
581 1298 838 1348 egressus
865 1279 933 1330 ab
967 1278 1222 1341 Athenis,
1250 1278 1404 1329 venit
1436 1276 1798 1329 Corinthum:
1846 1282 1879 1318 ³¹<
1908 1284 1962 1328 et
1995 1278 2144 1330 inve·
2171 1287 2251 1325 1-2

113 1367 266 1416 niens
295 1365 584 1434 quemdam
612 1363 869 1414 dudaeum
898 1361 1117 1411 nomine
1151 1360 1425 1428 Aquilam,
1473 1360 1763 1411 Ponticum
1799 1378 2023 1428 genere,
2054 1361 2148 1429 qui

111 1467 283 1518 nuper
314 1454 535 1499 venerat
562 1448 630 1497 ab
662 1447 840 1506 Italia,
872 1453 925 1495 et
958 1444 1260 1495 Priscillam
1306 1463 1534 1494 uxorem
1564 1445 1681 1513 ejus
1716 1445 1799 1511 (eo
1830 1445 1976 1514 quod
2007 1464 2147 1514 prae-

109 1533 344 1600 cepisset
390 1529 649 1581 Claudius
694 1528 975 1580 discedere
1021 1545 1209 1600 omnes
1251 1527 1476 1579 Judaeos
1506 1547 1536 1578 a
1565 1528 1784 1595 Roma),
1814 1529 2049 1580 accessit
2078 1530 2148 1581 ad

111 1633 218 1665 eos,
249 1618 281 1654 ³¹<
311 1613 382 1663 Et
413 1612 538 1681 quia
565 1611 811 1678 ejusdem
840 1615 958 1661 erat
992 1610 1144 1671 artis,
1184 1609 1443 1660 manebat
1482 1610 1630 1678 apud
1658 1627 1770 1673 eos,
1800 1616 1854 1661 et
1883 1611 2149 1679 operaba·
2174 1619 2198 1656 3

112 1815 300 1846 DERUNT
336 1802 612 1854 (κολληθεντες
648 1820 760 1855 αατῳ
797 1819 1053 1854 επιστευσαν,
1095 1809 1208 1844 nota
1244 1800 1410 1856 partic.
1440 1814 1552 1851 aor„
1584 1799 1754 1844 s’e'tant
1786 1800 1990 1845 αίέασῆέδ
2016 1801 2045 1844 ἀ
2067 1801 2152 1853 lui,

114 1873 172 1916 ils
211 1872 540 1915 emb-asserent
578 1871 626 1914 la
652 1872 763 1927 foi).
795 1871 1061 1921 Dmmsms,
1104 1885 1227 1914 unus
1265 1885 1321 1912 ex
1364 1871 1617 1927 Areopagi,
1657 1872 1834 1914 summi
1878 1872 2152 1924 tribunalis,

107 1943 375 2000 judicibus:
403 1951 525 1985 teste
552 1942 757 1985 Eusebio
785 1943 865 1994 (H.
887 1942 945 1985 E.
966 1942 1005 1991 3,
1033 1943 1083 1993 43
1115 1943 1155 1991 4,
1180 1942 1253 1995 23)
1274 1941 1428 1984 factus
1454 1951 1527 1985 est
1552 1941 1856 1985 Athenarum
1881 1943 2151 1999 episcopus.

115 2011 328 2055 Traditio
356 2011 509 2053 medio
533 2026 634 2054 aevo
659 2017 771 2053 nata
798 2012 943 2053 refert
969 2011 1127 2066 ipsum
1159 2010 1366 2053 Lutetiae
1407 2010 1694 2053 Parisiorum
1729 2012 2019 2068 martyrium
2048 2027 2152 2067 pas-

115 2096 220 2124 sum
245 2081 422 2123 fuisse:
461 2094 603 2134 opera
637 2081 877 2135 praeclara,
912 2080 1129 2123 doctrina
1166 2080 1433 2136 theologica
1466 2094 1520 2123 ac
1555 2081 1759 2137 mystica
1790 2080 1945 2137 plena,
1969 2082 2038 2125 De
2060 2082 2152 2125 div.

114 2151 248 2194 Hier.
273 2157 376 2200 etc,
403 2149 497 2204 ipsi
536 2149 780 2204 adscripta
819 2150 1016 2193 fuerunt
1058 2150 1187 2203 (olim
1214 2151 1518 2204 praesertim).
1547 2151 1657 2193 AL11
1690 2163 1788 2193 CUM
1820 2164 1917 2195 1⁴:18:
1952 2167 2153 2208 germen

114 2219 234 2262 illud
259 2220 411 2262 crevit
437 2218 736 2270 mirabiliter,
769 2219 886 2262 adeo
912 2218 1104 2275 quidem
1132 2226 1188 2263 ut
1210 2228 1376 2274 postea
1399 2220 1463 2263 ibi
1497 2219 1737 2264 exstiterit
1759 2221 1960 2264 ecclesia
1983 2221 2153 2266 floren·

115 2288 315 2331 tissima.

177 2359 211 2400 l.
244 2357 400 2401 vem
435 2356 735 2400 CORINTHUM.
781 2356 906 2412 Quid
940 2359 1004 2402 ibi
1038 2359 1201 2402 fecerit
1225 2367 1273 2403 et
1295 2374 1467 2415 passus
1494 2360 1654 2411 fuerit,
1690 2360 1875 2405 discere
1905 2362 2153 2415 debemus,

114 2443 206 2471 non
245 2427 398 2471 solum
438 2442 494 2470 ex
527 2427 613 2471 hac
651 2429 861 2471 Actuum
902 2430 1125 2484 pericopa
1162 2430 1358 2481 XVIII,
1402 2431 1525 2480 2-18,
1569 2431 1653 2475 sed
1691 2433 1836 2476 etiam
1875 2447 1931 2476 ex
1964 2433 2153 2477 duabus

113 2496 341 2553 Epistolis
377 2510 494 2553 quas
529 2498 590 2540 ad
627 2497 892 2542 Corinthios
914 2499 1195 2554 Apostolus,
1234 2500 1390 2543 tribus
1417 2501 1607 2544 circiter
1629 2503 1769 2545 annis
1792 2508 2049 2560 postquam
2074 2518 2155 2547 eos

114 2566 387 2622 reliquerat,
427 2567 633 2620 primum
658 2581 683 2609 e
703 2567 898 2610 civitate
925 2567 1115 2623 Epheso
1142 2570 1224 2622 (sc.
1255 2570 1308 2611 1¹¹¹
1331 2569 1390 2612 ad
1419 2570 1548 2623 Cor.)
1583 2576 1631 2615 et
1657 2571 1829 2615 deinde
1854 2586 1908 2615 ex
1934 2572 2154 2617 Macedo-

116 2635 194 2676 nia
220 2636 411 2687 (nempe
434 2634 489 2675 2¹¹¹
510 2633 571 2676 ad
595 2634 721 2689 Cor.)
751 2636 961 2691 scripsit.
1005 2636 1122 2691 Quae
1160 2637 1353 2694 quidem
1380 2638 1547 2690 literae,
1572 2654 1721 2696 quum
1751 2639 1895 2684 L'ucae
1922 2642 2154 2686 narratio-

115 2717 222 2744 nem
249 2703 534 2757 compleaut,
559 2711 829 2758 opportune
856 2705 931 2748 hic
955 2705 1192 2761 legentur.

175 2772 214 2813 2.
251 2771 478 2820 JUDAEUM‚
517 2783 646 2814 certe
663 2772 764 2826 jam
789 2774 848 2816 ad
875 2773 1125 2817 Christum
1150 2789 1451 2827 conversum,
1477 2777 1600 2820 forte
1625 2777 1806 2822 Romae.
1848 2778 1970 2822 Eum
2000 2779 2156 2822 Lucas

113 2839 328 2884 Judaeunz
365 2840 495 2890 dicit,
535 2841 645 2896 quia
683 2844 879 2897 respicit
918 2843 977 2886 ad
1017 2843 1229 2887 edictum
1270 2845 1474 2895 Claudii,
1508 2847 1566 2889 de
1599 2861 1694 2903 quo
1720 2848 1884 2890 statim
1914 2849 2152 2905 loquetur.

118 2912 369 2961 Gmumus,
394 2912 441 2954 in
465 2912 600 2968 cujus
628 2913 725 2956 vita,
748 2929 785 2957 c.
812 2915 884 2966 25,
927 2915 1188 2959 Suetonius
1216 2917 1412 2961 scribit:
1449 2918 1652 2970 Judoeos,
1686 2919 1938 2976 impulsore
1969 2919 2155 2965 Chresto

116 2981 299 3024 assidue
325 2981 668 3033 tumultuantes,
691 2983 842 3027 Roma
863 2985 1050 3041 empulit.
1088 2985 1334 3030 Veracitas
1361 2988 1466 3031 Act.
1491 2988 1661 3043 Apost.
1687 2988 1799 3031 hinc
1821 2989 2058 3033 firmatur.
2084 2990 2157 3034 De

117 3051 205 3093 hoc
229 3062 390 3094 autem
417 3051 632 3095 Suetonii
658 3055 936 3098 testimonio
963 3054 1140 3098 videsis
1168 3055 1338 3100 Comm.
1359 3063 1511 3099 nostr.
1532 3072 1567 3099 s.
1590 3057 1758 3101 matth.
1783 3058 1830 3098 3ἃ
1848 3058 1938 3109 ed.,
1964 3073 2006 3114 p.
2027 3060 2158 3103 1514.

118 3142 172 3150 -
196 3119 268 3162 Ex
293 3121 396 3164 Act.
421 3121 664 3173 XXVIII,
695 3124 747 3165 15
773 3124 876 3166 coll.
913 3124 1050 3167 Rom.
1076 3124 1213 3176 XVI,
1242 3126 1266 3168 3
1294 3126 1534 3178 novimus,
1575 3127 1764 3170 Claudii
1789 3127 2001 3172 edictum
2029 3129 2156 3173 haud

119 3190 270 3232 multo
296 3201 402 3244 post
426 3191 476 3233 in
502 3191 869 3236 desuetudinem
894 3193 1088 3238 abiisse.

177 3259 216 3301 3.
250 3258 577 3312 OPERABATUR,
619 3271 673 3306 ut
711 3263 910 3307 haberet
950 3265 1076 3307 unde
1119 3264 1320 3308 honeste
1358 3265 1560 3316 viveret,
1601 3280 1688 3310 nec
1727 3267 1951 3325 cuiquam
1992 3270 2158 3325 gravis

118 3339 275 3371 esset:
301 3328 357 3372 cf.
379 3329 490 3380 XX,
511 3331 578 3372 34.
614 3331 714 3383 Vel,
731 3340 785 3375 ut
811 3333 879 3376 ait
906 3348 942 3375 s.
963 3334 1088 3390 Aug.
1116 3334 1193 3388 (In
1220 3334 1357 3378 Joan.
1382 3340 1441 3377 tr.
1470 3336 1639 3387 1223),
1659 3351 1716 3379 ue
1735 3340 1903 3392 qeutes,
1927 3352 1956 3380 a
1973 3339 2160 3383 nomine

120 3394 298 3438 Christi
331 3397 513 3454 penitus
549 3399 745 3450 alienas,
779 3402 991 3446 doctriua
1022 3404 1119 3459 ejus
1151 3405 1289 3461 quasi
1321 3404 1500 3447 venalis
1534 3405 1789 3461 offenderet.
1825 3405 1933 3450 Mos
1966 3415 2069 3451 erat
2106 3416 2158 3452 ut

121 3463 324 3507 Rabbini
361 3474 512 3510 artem
549 3468 789 3515 discerent
827 3473 1131 3516 manualem:
1173 3473 1314 3516 Pirke
1353 3474 1435 3518 Ab.
1470 3476 1511 3525 2,
1546 3476 1587 3516 2.
1636 3499 1687 3507 —
1725 3475 2020 3533 Scenofactor
2054 3486 2159 3523 erat

125 3535 314 3587 Paulus,
338 3537 367 3580 i.
390 3553 429 3580 e.
455 3541 663 3584 tentoria
686 3542 915 3597 faciebat5
955 3559 1068 3595 non,
1093 3550 1148 3588 ut
1173 3545 1278 3589 vult
1302 3545 1432 3601 Hug,
1467 3547 1612 3591 telam
1639 3548 1831 3593 texebat
1855 3565 1912 3594 ex
1934 3564 2030 3607 qua
2054 3555 2156 3594 ten-

121 3606 245 3648 toria
268 3606 658 3653 conficiebantur.
1814 3616 1817 3619 ’

602 0 751 33 ’ΞΜ
749 0 1082 28 πε*-τν·τρ“,ᾝ
1105 0 1202 27 *ζ*
1234 0 1350 27 πῖν’-Ρ
1370 0 1990 28 :NithW‘WRStT-Jss'*:1Y10⁴v,·.*›2f,·,’
2009 0 2041 7 ⁴⁷
2118 0 2183 29 ‘2⁷'*
2216 0 2290 27 W.
2327 18 2331 22 -

750 44 755 46 ,
801 39 820 42 ,⁴
878 37 883 41 .
916 25 937 34 ,r
968 36 975 45 v
1112 22 1146 30 ''
1255 30 1277 39 .-
1387 30 1430 41 ι,
1527 35 1537 49 ⁴-
1646 27 1648 30 ν
1713 27 1767 34 „1
1864 35 1866 38 Ι
2058 31 2059 34 ,
2277 38 2281 41 Δ
