2430 4030
925 362 1084 398 Locus
1125 362 1465 399 scarrrloms.
2107 353 2168 401 21

141 492 324 546 clades
363 493 885 562 Hierosolymitana‚
927 499 1208 545 exaratum
1249 512 1355 545 non
1397 513 1532 546 esse.
1570 496 1792 547 Etenim
1833 497 1979 548 nulla
2016 497 2174 566 hujus

141 577 469 628 calamitatis
508 578 571 628 fit
612 577 837 639 mentio,
880 594 1046 645 quum
1090 583 1269 627 tamen
1317 578 1505 646 parum
1549 579 1620 629 sit
1657 579 1936 647 probabile
1978 580 2174 631 Lucam

142 661 564 728 praetermittere
592 660 828 711 voluisse
858 660 1061 711 factum
1093 660 1264 722 illud3
1309 679 1370 711 eo
1411 662 1493 711 vel
1535 663 1708 729 magis
1749 662 1891 730 quod
1929 681 2024 730 per
2062 664 2174 730 ejus

139 743 511 793 narrationem
567 743 906 793 ostendisset,
963 741 1169 792 Christi
1224 743 1654 810 praedictionem,
1722 762 1877 811 quam
1941 744 2056 811 ipse
2118 745 2173 795 in

143 823 450 892 Evangelio
505 843 602 875 suo
662 825 802 893 (cap.
857 824 1015 891 XX1)
1075 825 1258 887 refert,
1318 833 1518 876 eventu
1572 826 1939 876 confirmatam
1991 827 2174 878 fuisse.

141 907 376 958 Tantum
426 908 585 959 abest
632 917 692 958 ut
742 909 824 959 vel
877 908 1137 958 innuatur
1186 908 1278 957 illa
1325 909 1599 959 calamitas
1649 914 1708 958 ut
1761 915 1949 959 contra
2002 927 2175 960 sermo

141 990 347 1059 ubique
387 992 482 1043 fiat
523 992 589 1042 de
630 991 856 1043 civitate
897 999 951 1041 et
991 992 1212 1058 templo,
1253 992 1540 1059 cultusque
1572 992 1796 1042 Mosaici
1824 994 2174 1054 caeremoniis,

142 1074 296 1142 quasi
324 1073 502 1125 adhuc
530 1075 710 1125 omnia
739 1079 884 1125 sarta
914 1079 1059 1124 tecta
1086 1079 1382 1125 exstarent.
1425 1074 1574 1142 Ergo
1614 1080 1829 1142 tempus
1868 1076 2176 1143 scriptionis

141 1155 287 1208 iuter
324 1176 372 1209 a.
417 1157 485 1208 63
523 1163 579 1208 et
618 1157 683 1209 70
727 1163 1056 1208 coarctatur.

218 1243 273 1292 3⁰
315 1240 546 1292 Difficile
575 1247 659 1291 est
688 1258 800 1291 rem
830 1241 1055 1308 propius
1084 1238 1329 1290 definire.
1375 1242 1625 1288 Attamen
1659 1239 1968 1308 conjectura
1995 1259 2175 1293 eorum

142 1326 234 1395 qui
261 1325 556 1394 opinantur
584 1341 720 1392 opus
748 1324 956 1375 editum
998 1323 1166 1373 fuisse
1208 1323 1349 1372 circa
1388 1322 1549 1371 finem
1591 1322 1798 1372 biennii
1839 1342 1944 1392 quo
1983 1326 2176 1375 Paulus

142 1409 330 1459 Romae
372 1407 423 1457 in
469 1407 700 1459 vinculis
747 1406 965 1467 mansit,
1014 1422 1155 1455 anno
1201 1404 1269 1454 63
1311 1403 1395 1455 vel
1442 1405 1527 1467 64,
1571 1404 1728 1454 nobis
1772 1407 1903 1455 satis
1945 1406 2175 1468 arridet3

141 1491 186 1542 si
226 1491 371 1542 enim
412 1490 623 1541 tardius
666 1489 980 1556 scripsisset
1019 1493 1228 1548 auctor,
1259 1487 1325 1537 de
1356 1486 1581 1536 liberato
1614 1487 1779 1537 Paulo
1808 1488 2012 1556 aliquid
2053 1505 2177 1539 sane
2228 1526 2233 1531 ,

141 1574 407 1636 dixisset;
453 1580 603 1624 certe
643 1572 807 1622 etiam
849 1571 1017 1622 verba
1060 1570 1212 1620 Pauli
1253 1568 1452 1636 quibus
1493 1567 1799 1635 Ephesiuos
1829 1569 2179 1637 presbyteros

142 1656 321 1708 valere
343 1656 522 1722 jubet,
565 1673 682 1723 cap.
723 1653 847 1717 XX,
890 1654 977 1714 25,
1020 1652 1136 1702 sine
1179 1649 1409 1719 quadam
1439 1650 1792 1700 annotatione
1821 1656 1912 1700 aut
1940 1651 2177 1701 animad-

145 1740 396 1791 versione
426 1757 533 1789 non
561 1738 842 1789 retulisset
871 1758 881 1788 ε
916 1735 1040 1787 vide
1080 1734 1222 1784 infra
1263 1733 1680 1800 explicationem
1724 1732 1882 1800 hujus
1911 1733 2179 1786 versiculi.

216 1824 401 1892 Igitur
446 1822 606 1872 Actus
650 1820 960 1889 composuit
1008 1817 1151 1868 haud
1193 1817 1270 1866 ita
1308 1816 1477 1866 multo
1517 1821 1642 1883 post
1682 1822 1956 1865 exaratum
2002 1815 2176 1866 Evan-

142 1906 348 1974 gelium
390 1924 566 1966 suum,
608 1905 760 1972 cujus
800 1902 1013 1954 videtur
1055 1899 1334 1951 historiam
1377 1899 1712 1960 continuare,
1744 1904 1798 1948 et
1827 1916 1960 1965 pene
1990 1899 2177 1949 eodem

147 1991 239 2042 filo
269 1990 581 2041 subtexere.

220 2074 487 2126 Nonnulli
534 2091 656 2124 cum
708 2072 839 2139 Hug
883 2074 1110 2122 censent
1157 2068 1355 2119 librum
1405 2065 1631 2128 tardius,
1673 2082 1746 2115 sc.
1790 2065 1929 2115 circa
1963 2070 2178 2133 tempus

145 2157 449 2209 obsidionis
483 2154 1013 2222 Hierosolymitauae,
1055 2150 1357 2202 confectum
1399 2148 1581 2207 fuisse,
1615 2149 1709 2197 hac
1738 2147 1909 2196 innixi
1951 2147 2175 2208 ratione,

144 2258 262 2310 cap.
319 2239 483 2301 Vssl,
539 2240 626 2301 26,
683 2238 871 2287 urbem
942 2235 1141 2284 Gazam
1201 2232 1307 2281 dici
1366 2230 1713 2291 devastatam,
1768 2229 1910 2297 quod
1963 2229 2178 2297 quidem

143 2344 206 2376 ea
236 2334 563 2392 tempestate
592 2321 812 2372 accidit.
844 2319 1044 2369 Verum
1076 2317 1213 2366 alius
1245 2315 1459 2365 videtur
1487 2332 1603 2363 esse
1632 2313 1734 2363 loci
1762 2313 1917 2362 istius
1947 2331 2134 2363 sensus
2166 2333 2175 2362 ε

143 2427 264 2459 nam
314 2408 421 2475 adj.
472 2406 682 2457 deserta,
730 2404 815 2454 vel
864 2402 1148 2452 devastata
1194 2399 1261 2447 ad
1305 2397 1478 2447 subst.
1526 2397 1632 2458 via,
1682 2396 1863 2462 potius
1912 2413 2068 2463 quam
2111 2395 2178 2444 ad

145 2492 310 2554 Gaza,
352 2491 606 2542 refertur.
655 2488 884 2549 Deinde,
914 2487 959 2535 si
989 2501 1251 2552 ponamus
1296 2481 1493 2530 Lucam
1536 2480 1817 2546 scripsisse
1847 2480 1985 2528 circa
2012 2497 2059 2527 a.
2093 2477 2175 2538 70,

143 2583 327 2626 mente
380 2574 667 2641 concipere
723 2572 814 2622 vix
868 2585 1157 2638 possumus
1212 2583 1374 2634 quare
1428 2565 1544 2631 ipse
1598 2581 1663 2612 ne
1719 2562 1994 2611 minimum
2048 2560 2178 2628 quid

145 2659 295 2711 dicat
347 2659 414 2710 de
469 2658 712 2726 gloriosa
769 2654 918 2705 Pauli
974 2658 1165 2714 morte,
1221 2667 1341 2717 quae
1392 2659 1553 2698 antea
1608 2647 1930 2713 contigerat,
1987 2661 2176 2712 nempe

141 2743 460 2812 priusquam
500 2740 649 2792 Nero
690 2759 737 2791 a.
789 2739 857 2789 68
907 2741 1081 2787 morte
1129 2733 1403 2784 occubuit.

804 2947 831 3014 ᾧ
880 2945 961 2995 12.
1005 2943 1169 2992 Locus
1208 2937 1528 3006 scriptionis.

221 3132 302 3182 De
346 3130 483 3192 loco,
534 3146 639 3197 quo
685 3130 825 3177 Acta
873 3122 1174 3191 composita
1220 3117 1439 3176 fuerint,
1492 3112 1718 3162 multum
1765 3107 2078 3174 ambigitur,
2122 3111 2174 3155 et

145 3213 321 3282 magis
350 3211 571 3280 quidem
601 3226 764 3277 quam
794 3207 860 3258 de
890 3202 1206 3272 scriptionis
1236 3206 1491 3263 tempore.
1526 3194 1774 3243 Ceterum
1806 3190 1906 3240 loci
1934 3187 2174 3238 definitio

144 3315 176 3348 a
221 3295 523 3365 quaestione
568 3290 833 3359 temporis
879 3288 1220 3355 aliquatenus
1259 3277 1479 3348 pendet.
1533 3275 1590 3325 Si
1637 3273 1778 3323 enim
1826 3270 2174 3320 admittamus

145 3396 284 3448 opus
311 3376 520 3427 editum
549 3374 716 3425 fuisse
745 3379 1037 3439 antequam
1067 3364 1221 3415 Pauli
1249 3359 1462 3413 vincula
1489 3357 1727 3406 Romana
1755 3353 1931 3403 soluta
1958 3357 2170 3401 essent:

142 3454 316 3532 'quum
366 3460 539 3512 Lucas
581 3464 814 3510 testetur
862 3455 1029 3522 (Act.-
1058 3453 1160 3518 Ap.
1203 3441 1473 3503 XXVIII,
1524 3439 1606 3505 16)
1653 3456 1709 3489 se
1748 3455 1867 3487 cum
1910 3433 2173 3502 Apostolo

147 3545 380 3598 Romam
424 3543 660 3600 venisse,
708 3540 862 3592 valde
913 3531 1213 3606 probabilis
1259 3528 1363 3579 erit
1409 3543 1451 3576 s.
1500 3519 1820 3590 Hieronymi
1866 3517 2173 3584 conjectura

15 3591 50 3651 1³³*
153 3627 254 3696 (De
280 3627 416 3680 viris
440 3625 642 3678 illustr.
672 3643 718 3678 c,
752 3623 825 3690 7),
855 3622 947 3690 qui
975 3621 1159 3687 censet
1186 3614 1373 3665 Romae
1401 3612 1674 3660 exaratam
1704 3604 1869 3655 fuisse
1913 3602 2169 3724 Acgorum
