2430 4030
41 2459 51 2499 ἐ

36 2910 62 2946 Β.

43 2995 65 3026 3,
80 2996 83 2997 γ

41 3136 59 3153 Q

35 3158 63 3176 ἆ,

32 3180 53 3198 .-·
65 3182 79 3199 ⁴?

689 357 1034 394 Mummium
1074 361 1130 395 m
1168 361 1353 398 tironi:
1392 364 1614 402 Mmm'rAE.
2065 357 2157 407 261

83 478 86 487 ἶ
141 487 354 550 lissent,
404 487 831 540 committebant
871 507 930 540 se
976 492 1127 554 mari,
1178 493 1338 544 simul
1382 494 1629 548 laxantes
1649 497 1939 565 juncturas
1967 500 2170 568 guber-

137 568 490 622 naculorum:
522 574 578 620 et
605 570 784 621 levato
813 576 1117 636 artemone,
1146 576 1446 627 secundum
1485 596 1631 630 auree
1657 578 1844 630 flatum
1872 582 2174 634 tendebant

134 654 204 707 ad
231 654 406 706 littus.
452 658 485 694 ²¹<
528 653 601 705 Et
638 656 1179 710 cuminoidissemus
1208 661 1265 711 in
1303 660 1479 712 locum
1510 663 1887 728 dithalassum,
1929 666 2175 735 impege-
2195 698 2247 738 41

134 742 264 788 runt
308 754 542 788 navem:
589 742 646 787 et
693 755 856 804 prora
895 738 1115 807 quidem
1154 741 1262 792 fixa
1302 743 1560 795 manebat
1608 745 1924 810 immobilis,
1971 749 2173 817 puppis

133 903 361 960 Vulgatae
382 909 549 948 auctor
579 903 745 957 vertit,
764 906 902 963 quasi
927 908 1162 964 scriptum
1187 909 1378 955 fuisset:
1399 930 1471 954 εων
1493 931 1539 955 το
1561 919 1700 956 πλοιον
1724 932 1823 957 ιεναι
1849 932 1900 958 εις
1923 934 1995 968 την
2022 921 2172 958 θαλασ-

135 991 226 1028 σαν,
251 973 457 1018 siverunt
476 988 640 1018 navem
663 975 731 1018 ire
755 977 809 1019 in
834 991 975 1020 mare.
1002 977 1188 1021 Verum
1212 980 1505 1035 probabilior
1530 982 1725 1025 videtur
1748 985 1987 1028 sententia
2008 998 2171 1028 eorum

132 1042 215 1100 qui
255 1043 400 1087 verba
439 1058 598 1099 graeca
633 1044 700 1088 ita
743 1045 954 1089 reddunt
987 1065 995 1089 :
1032 1062 1135 1090 cum.
1171 1049 1399 1093 anchoras
1435 1050 1755 1104 abscidissem,
1788 1068 1865 1096 eas
1899 1053 2171 1107 (anchoras)

133 1112 337 1156 siverunt
356 1113 425 1157 ire
445 1114 500 1157 in
521 1128 650 1160 mare
668 1133 680 1157 .·
706 1113 877 1158 flandr.
906 1115 967 1172 πί]
987 1115 1156 1172 kapten
1182 1117 1234 1160 de
1258 1117 1425 1162 ankers
1450 1120 1644 1164 rondom
1667 1121 1730 1177 af,
1748 1136 1803 1164 en
1828 1121 1962 1165 liete‘n
1985 1137 2029 1166 ze
2051 1122 2102 1166 in
2119 1121 2172 1164 de

133 1196 204 1225 zee
223 1181 403 1226 xinken.
752 1220 756 1223 .

193 1251 440 1295 LAXANTES
470 1265 737 1296 JUNCTURAS
772 1265 1231 1299 GUBERNACULORUM.
1254 1258 1530 1313 Antequam
1557 1273 1602 1302 v.
1626 1258 1681 1301 29
1715 1259 1934 1304 anchorae
1967 1264 2172 1315 quatuor

133 1320 190 1366 de
207 1322 358 1378 puppi
377 1322 703 1375 mitterentur,
722 1338 916 1367 necesse
934 1325 1091 1369 fuerat
1111 1326 1568 1384 gubernacula,quae
1587 1328 1644 1372 ab
1666 1336 1870 1386 utroque
1887 1329 2035 1372 latere
2053 1343 2171 1384 pup-

132 1393 206 1450 pis
228 1398 366 1436 erant
391 1392 476 1446 (ita
499 1394 629 1448 apud
664 1397 884 1447 veteres),
905 1395 1152 1450 paululum
1178 1396 1399 1440 attollere
1421 1411 1570 1454 eaque
1588 1398 1647 1441 ad
1665 1413 1797 1442 oram
1817 1397 1955 1442 navis
1975 1397 2169 1441 funibus

133 1461 294 1518 ligare,
329 1476 388 1505 ne
426 1477 510 1518 per
550 1462 669 1506 istas
710 1463 944 1507 anchoras
986 1464 1295 1508 laederentur.
1329 1465 1473 1509 Nunc
1507 1481 1621 1511 vero
1659 1467 1820 1510 lateant
1853 1481 1938 1510 seu
1978 1466 2174 1510 solvunt

131 1544 398 1576 JUNCTURAS
420 1531 542 1583 illas,
569 1546 653 1575 seu
677 1533 838 1587 potius
864 1533 1054 1576 vincula.
1076 1534 1156 1577 illa
1182 1547 1645 1587 GUBERNACULORUM‚
1664 1542 1718 1579 ut
1741 1535 1842 1579 haec
1858 1535 1957 1592 jam
1980 1549 2173 1579 consue·

132 1609 236 1645 tum
259 1608 442 1645 statum
469 1616 627 1654 suum,
655 1617 739 1646 seu
766 1602 1054 1658 positionem
1082 1617 1228 1659 quam
1262 1605 1390 1647 inter
1424 1605 1754 1661 navigandum
1790 1605 1965 1649 habere
2000 1605 2172 1654 solent,

131 1670 400 1723 obtineant3
426 1686 601 1728 nempe
629 1678 682 1715 ut
710 1671 997 1727 profundius
1031 1673 1080 1715 in
1114 1687 1264 1730 aquas
1298 1673 1610 1726 descendant,
1633 1679 1778 1731 atque
1803 1674 1920 1718 adeo
1953 1673 2170 1717 adhiberi

133 1740 321 1796 possint
343 1740 404 1784 ad
427 1755 599 1786 navem
636 1741 959 1798 dirigendam,
986 1757 1185 1800 eamque
1220 1742 1429 1799 pondere
1462 1759 1548 1788 suo
1583 1744 1838 1796 retineant,
1863 1744 2122 1800 quominus
2145 1759 2172 1785 u.

132 1811 292 1855 ventis
317 1818 582 1856 evertatur.
606 1811 933 1857 Gubernacula
950 1818 1112 1856 autem
1138 1812 1255 1856 dicit
1282 1814 1454 1866 Lucas,
1476 1829 1678 1858 numero
1706 1829 1820 1859 usus
1845 1812 2038 1870 plurali,
2058 1813 2171 1868 quia

134 1880 185 1924 in
208 1880 415 1925 navibus
438 1880 702 1938 majoribus
736 1888 958 1927 veterum
992 1883 1089 1926 duo
1122 1887 1260 1926 erant
1286 1883 1629 1938 gubernacula,
1655 1897 1862 1940 quorum
1887 1896 2039 1925 uuum
2067 1888 2169 1925 erat

131 1949 183 1993 in
204 1949 355 1995 latere
379 1951 555 2007 puppis
581 1951 766 2003 dextro,
789 1951 995 1995 alterum
1021 1967 1134 1996 vero
1167 1952 1214 1995 in
1249 1952 1396 1997 latere
1429 1953 1530 2009 ejus
1556 1954 1755 1996 sinistro
1779 1972 1788 1996 z
1816 1966 1980 1997 eorum
2004 1959 2166 1995 autem

132 2019 286 2063 forma
310 2019 482 2063 similis
505 2028 608 2064 erat
631 2021 751 2076 palae
773 2021 963 2065 cuidam
991 2022 1067 2065 vel
1092 2035 1223 2065 remo
1247 2022 1445 2078 largiori
1480 2023 1545 2076 (fl.
1570 2022 1641 2066 als
1673 2037 1775 2066 eene
1806 2021 2056 2077 roeispaan
2081 2024 2167 2063 met

135 2085 267 2131 breed
299 2087 443 2141 blad).
489 2087 549 2132 Id
579 2090 804 2134 novimus
838 2104 893 2135 ex
927 2090 1221 2146 imaginibus
1254 2091 1580 2148 antiquitatis,
1614 2106 1656 2135 v.
1690 2106 1763 2147 gr.
1805 2105 1860 2134 ex
1899 2090 2166 2145 sculpturis

133 2157 370 2202 columnae
391 2158 623 2215 Trajanae.

191 2226 260 2270 Em
292 2240 468 2271 LEVATO
499 2241 771 2272 ARTEMONE.
798 2229 1008 2274 Videtur
1032 2229 1405 2284 intelligendum
1429 2230 1589 2274 velum
1615 2228 1742 2286 quod
1778 2229 1823 2273 iu
1862 2242 2003 2284 prora
2031 2227 2168 2271 navis

131 2295 507 2352 protendebatur
531 2300 678 2354 (angl.
703 2314 733 2342 α
758 2297 928 2354 topsail
954 2313 1013 2341 on
1050 2313 1078 2340 α,
1099 2298 1326 2352 foremast
1365 2298 1535 2354 roth-inq
1561 2312 1662 2341 over
1684 2296 1757 2341 the
1783 2296 1915 2352 bow),
1944 2295 2169 2351 quodque

131 2364 370 2421 imprimis
396 2369 722 2411 necessarium
748 2376 853 2410 erat
886 2367 946 2410 ad
980 2381 1152 2411 navem
1176 2367 1458 2411 vertendam
1488 2386 1496 2410 :
1523 2381 1703 2423 parvus
1730 2366 1883 2409 malus
1908 2366 2050 2408 istius
2076 2364 2167 2407 veli

131 2435 426 2491 conspicitur
445 2436 494 2478 in
513 2436 809 2493 imaginibus
834 2437 1065 2492 antiquis.
1089 2436 1146 2478 Iu
1167 2436 1366 2480 historia
1387 2442 1554 2480 nostra
1573 2436 1734 2479 velum
1756 2434 1885 2479 istud
1914 2434 1974 2477 ad
1999 2447 2169 2476 navem

131 2503 181 2548 in
213 2505 328 2548 litus
362 2504 644 2562 ejiciendam
676 2506 950 2551 adhibitum
984 2506 1091 2558 fuit,
1125 2513 1180 2549 ut
1213 2507 1349 2550 navis
1395 2506 1572 2563 majore
1606 2506 1654 2550 vi
1694 2505 1923 2562 propulsa
1966 2503 2168 2546 ulterius

133 2576 521 2632 progrederetur.
1099 2580 1101 2582 ’

191 2650 294 2694 Ista
334 2652 427 2695 tria
462 2671 471 2696 z
508 2652 743 2696 anchoras
780 2652 1079 2704 abscindere,
1118 2652 1445 2708 gubernacula
1483 2651 1741 2695 demittere
1781 2659 1826 2694 et
1868 2656 2168 2693 artemonem

132 2721 306 2775 levare,
331 2723 474 2766 simul
495 2723 618 2768 facta
641 2724 857 2775 fuerunt,
881 2732 929 2768 et
953 2730 1066 2779 apte
1091 2723 1287 2780 quidem
1309 2742 1322 2766 :
1349 2729 1577 2775 ceterum,
1602 2736 1808 2778 magnus
1842 2727 1970 2765 certe
1993 2725 2095 2763 erat
2119 2720 2167 2761 iu

132 2792 243 2836 navi
274 2799 371 2836 tam
406 2793 592 2849 ingenti
635 2798 897 2838 nautarum
931 2807 1180 2845 numerus,
1211 2791 1330 2837 adeo
1363 2797 1417 2837 ut
1449 2793 1530 2837 illa
1562 2793 1722 2837 omnia
1755 2790 1919 2835 eodem
1953 2796 2168 2844 tempore

131 2860 295 2917 perfici
318 2863 584 2919 potuerint.

191 2932 262 2975 41.
287 2931 646 2982 Dimffltissum,
669 2946 759 2976 vox
783 2946 954 2987 graeca,
982 2946 1126 2987 quam
1149 2931 1391 2985 interpres
1417 2935 1583 2975 noster
1610 2943 1801 2973 servare
1825 2926 1993 2971 maluit
2025 2939 2166 2981 quam

134 2999 418 3044 transferre:
438 3005 702 3054 διθαλασσον,
724 2999 956 3044 bimarem.
977 3000 1121 3043 Multi
1143 2999 1423 3055 intelligunt
1442 3005 1630 3055 partem
1650 3005 1791 3041 terrae
1811 2994 2100 3039 continentis
2120 2993 2168 3036 in

132 3082 262 3113 mare
294 3075 588 3124 protensam,
615 3083 723 3126 quae
757 3070 1004 3125 utrimque
1039 3069 1160 3111 mari
1193 3068 1394 3111 alluitur
1425 3085 1432 3111 :
1460 3068 1630 3123 gallice
1654 3081 1744 3109 une
1769 3066 1938 3121 ianque
1962 3063 2015 3106 cle
2039 3065 2168 3105 terre.

132 3136 193 3182 In
218 3138 309 3183 hac
341 3146 503 3183 autem
529 3139 770 3184 sententia
791 3148 982 3195 oportet
1003 3138 1259 3182 admittere
1284 3147 1463 3181 terram
1495 3137 1639 3188 illam,
1665 3140 1832 3180 contra
1854 3147 1997 3190 quam
2023 3132 2168 3186 impe-

43 3243 61 3267 -.·
132 3213 310 3265 gerunt
335 3223 523 3260 navem,
550 3209 640 3253 sub
664 3209 892 3253 fluctibus
914 3208 1269 3264 aliquantulum
1293 3207 1491 3250 latuisse
1514 3215 1525 3246 ε
1552 3205 1768 3250 nondum
1794 3203 1924 3247 enim
1947 3206 2086 3246 eraut
2109 3199 2169 3243 ad

6 3314 18 3330 ς
43 3269 77 3323 §g
133 3277 268 3330 litus,
288 3283 345 3323 ut
366 3278 614 3334 colligitur
636 3293 692 3322 ex
718 3293 759 3322 v.
786 3278 858 3330 43,
885 3279 957 3320 44.
976 3277 1074 3320 Alii
1099 3277 1269 3320 dicunt
1291 3276 1449 3319 locum
1478 3274 1698 3318 bimarem
1723 3287 1827 3318 esse
1854 3285 2058 3327 parvum
2081 3269 2171 3312 fre-

121 3335 240 3392 tum
264 3346 392 3403 (gall.
417 3362 484 3390 un
509 3345 710 3401 detroit).
735 3346 800 3390 Et
824 3360 874 3389 re
896 3345 1088 3402 quidem
1122 3359 1247 3396 vera,
1271 3343 1339 3387 ibi
1359 3343 1578 3394 habetur,
1614 3349 1666 3386 ut
1692 3355 1837 3397 supra
1853 3340 1954 3397 jam
1988 3339 2169 3383 notavi-

7 3426 39 3477 g
74 3440 78 3445 ·
133 3432 259 3472 mus,
284 3419 575 3476 parvissima
600 3408 761 3462 insula
780 3417 1087 3469 Salmonetta,
1106 3431 1212 3473 quae
1231 3432 1257 3460 a
1275 3416 1416 3461 litore
1441 3414 1602 3459 Maltae
1620 3419 1873 3470 separatur
1892 3426 1976 3468 per
1992 3411 2170 3454 fretum

60 3491 77 3518 ²²
131 3497 411 3546 angustum.
437 3489 518 3533 Ad
541 3489 706 3533 fauces
727 3488 930 3544 hujusce
956 3487 1068 3531 freti
1105 3501 1279 3530 navem
1314 3485 1637 3541 impegerunt,
1663 3490 1890 3540 putantes
1924 3496 1974 3525 se
2005 3495 2169 3537 perve-

0 3556 21 3597 ῑῖ
60 3612 74 3623 ³
95 3570 105 3604 s
132 3558 264 3603 nisse
287 3557 349 3602 ad
372 3556 652 3603 interiorem
676 3564 865 3616 partem
891 3556 1043 3599 sinus.

193 3626 358 3672 Pitonia
395 3639 522 3680 rixa,
560 3644 765 3681 ερεισασα,
803 3628 1049 3682 postquam
1087 3623 1139 3668 i‘n
1176 3623 1290 3668 litus
1325 3636 1570 3668 arenosum
1606 3620 1675 3664 vel
1711 3621 1763 3664 in
1801 3619 1972 3664 vadum
2000 3617 2172 3674 fuisset

0 3667 23 3730 :f
143 3696 191 3733 ‘s
334 3733 341 3735 .
431 3744 433 3747 ¹
2000 3691 2052 3732 17
