2430 4030
199 948 252 988 42

287 294 389 346 100
851 313 1015 350 Aeros
1054 314 1446 364 Aros'romRUM,
1486 318 1600 355 CAP.
1642 302 1774 355 VII.

203 438 259 477 39
355 445 388 481 ³¹<
420 439 519 493 Oui
547 443 843 495 noluerunt
871 445 1096 497 obedire
1125 452 1311 515 patres
1340 450 1514 500 nostri
1540 471 1550 502 z
1581 450 1679 502 sed
1706 451 2045 520 repulerunt,
2074 459 2130 504 et
2157 430 2406 515 ave'rsi'³{4

202 525 256 564 40
279 528 411 574 sunt
438 525 698 577 cordibus
727 527 839 578 suis
883 528 937 578 in
974 528 1310 598 AEgyptum‚
1342 535 1374 572 *
1404 531 1652 583 dicentes
1680 533 1750 584 ad
1780 535 1963 587 Aaron
1999 555 2009 586 :
2039 535 2149 588 Fac
2176 536 2338 590 nobis
2363 527 2415 591 ’ἐῆ

278 607 429 672 deos,
472 609 564 677 qui
606 610 925 676 praecedant
965 630 1064 664 nos
1107 633 1115 663 :
1167 612 1387 683 Moyses
1427 614 1572 666 enim
1611 614 1719 680 hic,
1762 617 1855 686 qui
1895 618 2088 670 eduxit
2127 637 2227 672 nos
2267 608 2378 673 devr
2402 606 2414 661 ἶ

198 691 251 730 41
278 697 422 743 terra
448 691 708 761 AEgypti,
739 694 1015 746 nescimus
1045 695 1178 764 quid
1205 695 1413 748 factum
1444 697 1517 749 sit
1546 699 1614 751 ei.
1645 703 1678 740 ²¹<
1707 699 1780 751 Et
1809 701 2044 752 vitulum
2086 702 2337 756 fecerunt
2398 693 2415 706 ”

277 774 332 825 in
360 773 557 826 diebus
586 775 717 838 illis,
759 782 814 828 et
853 777 1177 829 obtulerunt
1213 779 1450 831 hostiam
1493 781 1804 847 simulacro,
1833 791 1888 836 et
1917 784 2251 838 laetabantur
2277 786 2335 838 in
2374 770 2427 825 'ss

277 857 537 925 operibus
569 875 830 910 manuum
860 878 1102 912 suarum.

349 943 381 980 >k
422 939 713 993 Convertit
754 948 937 994 autem
978 948 1034 994 et
1076 943 1304 995 tradidit
1346 963 1438 998 eos
1485 948 1693 999 servire
1741 948 1953 1001 militiae
2000 950 2142 1015 coeli,
2190 950 2334 1005 sicut

278 1022 545 1092 scriptum
575 1029 660 1075 est
688 1025 742 1075 in
774 1024 914 1077 libro
945 1025 1342 1095 Prophetarum
1374 1048 1385 1080 :
1417 1027 1709 1099 Numquid
1749 1032 2000 1085 victimas
2037 1039 2092 1085 et
2125 1033 2334 1088 hostias
2386 1032 2419 1077 Ϊ·’

275 1268 609 1326 promulgaret
630 1287 638 1312 ι
665 1270 721 1312 cf.
749 1269 900 1314 Exod.
924 1269 1062 1313 XIX.
1087 1294 1143 1301 —-
1167 1271 1378 1316 Accsrir
1401 1284 1555 1317 VERBA
1578 1285 1696 1317 VITAE
1720 1286 1852 1318 Nonis
1874 1287 2016 1329 DARE,
2050 1275 2081 1319 i.
2116 1289 2155 1320 e.
2190 1275 2330 1332 leqem
2399 1299 2407 1327 1

273 1339 424 1390 dai-65
459 1339 515 1382 cf.
557 1338 711 1383 Levit.
752 1339 948 1391 XVIII,
984 1340 1009 1383 5
1046 1340 1280 1385 Oustodite
1313 1342 1429 1398 Zeqes
1465 1357 1586 1387 meas
1619 1348 1753 1401 atque
1776 1344 1988 1401 judicia;
2021 1359 2122 1402 quoe
2143 1345 2330 1402 faciens
2399 1336 2413 1355 ⁵

275 1413 421 1460 homo,
441 1407 557 1452 vivet
581 1409 634 1452 in
657 1408 736 1451 cis.
767 1408 891 1452 Vide
915 1409 1052 1453 Rom.
1077 1410 1137 1463 X,
1164 1411 1203 1453 5.
2391 1422 2401 1425 ”

335 1478 405 1521 39.
435 1478 527 1522 Cui
558 1491 838 1523 NOLUERUNT
870 1491 1077 1523 ossEDIRE
1109 1493 1285 1525 metans
1316 1494 1498 1535 nosrm,
1531 1484 1757 1539 quamvis
1790 1489 1955 1528 tantus
1985 1490 2113 1529 esset
2143 1485 2218 1530 vir
2249 1484 2330 1528 ille
2399 1475 2409 1486 ³

273 1547 512 1593 divinitus
532 1550 728 1592 missus.
754 1549 849 1594 Sed
870 1563 1181 1596 REPULERUNT
1201 1566 1324 1605 eum,
1343 1552 1535 1610 quando
1554 1553 1803 1599 dicebant:
1830 1554 2179 1600 Constituamus
2198 1554 2331 1599 nobis

272 1617 428 1663 ducem
472 1619 674 1674 (alium),
712 1619 858 1664 Num.
897 1620 1035 1674 XIV,
1074 1623 1115 1664 4.
1151 1623 1335 1667 AVERSI
1374 1634 1491 1666 SUNT
1529 1628 1618 1668 etc.
1653 1642 1663 1667 :
1706 1625 1858 1669 aversi
1898 1628 2065 1669 sunta
2100 1625 2212 1675 Deo,
2246 1639 2331 1682 per
2400 1630 2416 1682 ζ

273 1690 459 1735 cultum
481 1691 715 1735 falsorum
740 1692 1011 1747 numinum,
1037 1707 1187 1751 quum
1211 1694 1262 1737 in
1286 1693 1542 1752 AEqyptunz
1568 1695 1726 1739 redire
1764 1696 1942 1741 vellent
1977 1695 2144 1748 (Num.
2179 1696 2269 1750 XI,
2304 1697 2330 1740 5
2375 1711 2378 1713 ’
2422 1698 2426 1746 j

272 1770 319 1805 et
363 1760 502 1814 XIV,
552 1762 592 1814 3,
640 1764 701 1816 4),
748 1763 825 1807 vel
874 1763 1019 1808 etiam
1062 1778 1213 1822 quum
1254 1779 1427 1820 pravos
1467 1765 1743 1823 impiosque
1780 1765 2127 1824 AEgyptiorum
2167 1781 2327 1813 mores
2399 1787 2402 1790 ·

269 1830 596 1876 imitarentur.
1858 1879 1862 1883 ⁴
2400 1883 2405 1894 ,Α

329 1902 400 1946 40.
425 1902 523 1947 FAC
546 1915 680 1948 NOBIS
704 1904 843 1948 Dssos.
867 1905 986 1949 Deos
1008 1911 1082 1949 est
1106 1905 1306 1961 pluralis
1329 1906 1666 1963 majestaticus‚
1700 1922 1843 1966 quem
1875 1907 2106 1952 adhibent
2128 1907 2324 1952 Hebraei
2387 1923 2402 1930 “’

270 1986 358 2028 pro
382 1971 636 2029 sinqulari,
679 1973 872 2030 quando
912 1988 1131 2029 personae
1170 1973 1370 2031 alicujus
1403 1980 1489 2019 aut
1514 1977 1582 2020 rei
1605 1976 1992 2033 magnitudinem
2016 1980 2065 2020 et
2091 1976 2322 2020 excellen-

270 2043 387 2087 tiam
430 2043 642 2087 indicare
683 2044 870 2088 volunt.
911 2044 1200 2100 Exemplum
1240 2045 1305 2088 sit
1343 2045 1494 2090 Exod.
1535 2045 1753 2098 XXXII,
1792 2047 1835 2098 4,
1866 2046 1948 2090 ubi
1977 2046 2036 2090 de
2060 2060 2156 2091 uno
2178 2045 2322 2091 vituli

266 2113 400 2157 aurei
427 2114 689 2158 simulacro
714 2114 892 2159 dicitur
912 2134 921 2158 :
963 2114 1034 2159 Hi
1056 2118 1165 2158 sunt
1186 2114 1257 2158 dii
1280 2115 1363 2167 tui,
1400 2113 1571 2167 Israel,
1594 2116 1675 2173 qui
1698 2119 1736 2160 te
1759 2115 2011 2161 eduweru‘nt
2035 2122 2126 2160 etc.
2151 2115 2215 2160 Et,
2241 2114 2319 2159 Ps.
2395 2106 2419 2150 ,³

265 2183 505 2237 LXXIII,
533 2185 588 2228 15
616 2185 816 2231 Siccasti
841 2187 882 2239 (ο
907 2186 1051 2240 Deus)
1066 2186 1240 2243 fluvios
1260 2185 1452 2230 Ethan
1479 2187 1679 2242 (fortes),
1704 2187 1734 2230 i.
1753 2202 1790 2231 e.
1818 2186 2095 2239 Jordanem,
2115 2186 2322 2231 fluvium
2394 2228 2398 2230 ,

265 2269 513 2312 magnum,
540 2255 812 2306 exsiccasti,
837 2255 954 2300 adeo
979 2260 1033 2299 ut
1057 2255 1294 2299 Israelitae
1323 2256 1447 2300 sicco
1474 2255 1594 2311 pede
1616 2256 1915 2301 transierint.
2392 2249 2399 2251 “

322 2325 395 2368 41.
431 2323 643 2370 VITULUS
668 2325 747 2369 ille
775 2325 909 2382 Apim
927 2325 1276 2382 AEgyptiorum
1301 2325 1350 2367 in
1372 2324 1637 2380 Memphis,
1658 2326 1733 2370 vel
1758 2326 1964 2371 Mnevim
1988 2327 2037 2369 in
2065 2325 2323 2382 Heliopoli,
2395 2346 2414 2352 ·

262 2395 346 2452 qui
370 2401 511 2439 erant
534 2396 675 2439 ambo
702 2396 830 2440 tauri
853 2395 967 2447 vivi,
993 2394 1174 2452 effigies
1202 2393 1422 2447 Osiridis,
1445 2395 1676 2439 retulisse
1699 2396 1909 2440 videtur.
2387 2389 2390 2391 Δ

323 2463 394 2508 42.
429 2463 702 2508 CONVERTIT
727 2463 886 2509 DEUS:
921 2470 1085 2519 εστριψε
1112 2463 1277 2518 (sensu
1301 2464 1514 2518 reflexo),
1539 2464 1671 2509 vertit
1695 2479 1739 2509 se
1766 2464 1823 2509 ab
1847 2465 1928 2516 eis,
1951 2463 2122 2522 gratiae
2145 2464 2323 2520 specia·
2390 2516 2395 2518 .

264 2533 325 2578 lis
349 2533 583 2577 auxilium
609 2534 931 2588 subtrahens3
972 2542 1019 2577 et
1042 2537 1125 2586 ita,
1163 2535 1212 2576 in
1237 2548 1428 2590 poenam
1452 2534 1833 2590 praecedentium
1860 2540 2182 2592 peccatorum,
2213 2546 2322 2577 TRA-
2384 2570 2391 2583 Δ

261 2614 395 2647 mmm
437 2599 567 2646 'ILLos
606 2615 805 2646 smwnzn
841 2615 1035 2647 MILITIAE
1076 2615 1208 2655 COELI,
1231 2603 1261 2645 i.
1287 2617 1326 2647 e.
1357 2608 1489 2647 astra
1510 2604 1664 2648 colere
1690 2612 1935 2662 tamquam
1961 2603 2178 2647 numina.
2205 2603 2322 2648 Haec

261 2678 426 2718 autem
448 2672 643 2718 traditio
669 2673 722 2717 in
741 2676 930 2732 peccata
971 2677 1163 2718 tantum
1199 2672 1432 2717 indirecta
1469 2679 1560 2726 est,
1602 2689 1752 2732 quum
1778 2676 1829 2719 in
1853 2689 1907 2719 eo
1933 2675 2169 2718 consistat
2190 2673 2320 2730 quod
2359 2678 2362 2681 ’
2385 2670 2391 2721 ζ

266 2741 397 2787 Deus
422 2742 489 2788 eis
512 2742 722 2799 gratiam
745 2742 1087 2800 denegaverit3
1126 2755 1223 2786 non
1262 2740 1470 2786 absolute
1512 2744 1727 2800 quidem,
1767 2758 1879 2788 nam
1919 2742 2154 2800 quamdiu
2193 2742 2319 2788 vivit
2383 2750 2387 2751 ’

261 2812 405 2858 homo
429 2813 640 2870 gratiam
664 2811 983 2858 sufficientem
1022 2811 1197 2864 habet3
1242 2825 1413 2857 verum
1445 2813 1601 2857 noluit
1625 2814 1834 2870 amplius
1857 2813 1926 2857 eis
1951 2812 2183 2869 speciales
2205 2825 2316 2857 con·

260 2882 428 2928 cedere
449 2883 649 2938 gratias,
672 2896 759 2939 per
784 2896 905 2940 quas
929 2882 988 2927 ab
1016 2882 1096 2926 illo
1121 2885 1317 2937 peccato
1342 2881 1581 2926 hactenus
1605 2883 1959 2927 abstinuerant.
2008 2881 2198 2938 Itaque,
2222 2886 2318 2925 tra·
2380 2907 2383 2910 -

258 2953 379 2998 ditio
402 2953 483 2997 illa
508 2967 606 2997 non
629 2959 702 2997 est
729 2967 872 2997 causa
895 2952 1078 3009 peccati
1094 2950 1301 3010 positiva
1325 2954 1365 2995 et
1387 2950 1578 3004 directa,
1611 2952 1740 3010 quod
1765 2951 1996 2997 Calvinus
2019 2950 2317 3008 blasphema·
2362 2955 2394 2980 5

259 3023 344 3075 vit,
384 3021 470 3067 sed
507 3021 726 3080 neqativa
767 3026 960 3085 tantum
999 3023 1041 3064 et
1077 3019 1322 3064 indirecta.
1367 3019 1691 3076 Quamobrem
1730 3020 1854 3078 Eph.
1880 3019 1971 3074 lV,
1997 3019 2067 3072 19,
2105 3018 2317 3076 gentiles

257 3092 488 3136 dicuntur
527 3091 791 3148 semetipsos
832 3090 1093 3135 tradidisse
1132 3089 1463 3146 impudicitiae,
1501 3089 1616 3134 dum
1656 3089 1795 3134 Rom.
1828 3089 1867 3140 I,
1893 3089 1951 3132 24
1973 3095 2222 3133 asseratur
2245 3102 2318 3132 eos

257 3161 452 3205 traditos
465 3161 617 3218 fuisse
640 3175 670 3204 α
691 3161 786 3205 Deo
804 3179 817 3204 .·
847 3161 942 3216 ipsi
965 3174 1151 3216 nempe,
1175 3173 1261 3217 per
1283 3172 1421 3206 suam
1447 3173 1642 3215 pravam
1667 3159 1990 3211 voluntatem,
2010 3164 2150 3202 erant
2174 3159 2319 3203 eausa
2355 3178 2381 3214 ᾖ

257 3237 564 3288 peccatorum
612 3244 812 3274 suorum
869 3230 1064 3286 proprie
1115 3229 1275 3282 dicta;
1329 3227 1464 3272 Deus
1512 3242 1627 3273 vero
1674 3243 1728 3272 ea
1771 3228 2075 3284 permiserat,
2119 3228 2217 3272 imo
2259 3231 2315 3272 ut
2343 3258 2364 3285 3

255 3300 682 3345 committerentur
704 3299 942 3352 effecerat,
976 3300 1028 3344 in
1059 3304 1299 3357 quantum
1335 3297 1573 3354 speciales
1606 3298 1792 3355 gratias
1825 3298 1894 3343 eis
1928 3297 2044 3343 dare
2075 3298 2315 3353 noluerat,
2355 3294 2374 3319 ²²

255 3373 342 3414 aut
371 3369 431 3414 ab
464 3370 534 3414 eis
566 3369 851 3414 abstulerat.
886 3369 1051 3426 Igitur
1083 3369 1172 3414 Dei
1205 3367 1462 3425 permissio
1485 3381 1583 3412 non
1609 3368 1904 3424 intelligitur
1924 3367 2056 3412 nuda
2079 3371 2128 3412 et
2152 3367 2313 3418 imre,-
2338 3362 2358 3420 ἶ,

220 3484 224 3486 .
255 3438 340 3484 sed
378 3439 489 3486 talis
527 3452 636 3496 quae
675 3452 787 3482 oum
823 3446 934 3484 actu
975 3439 1081 3492 Dei,
1117 3438 1327 3496 gratiam
1368 3437 1624 3495 specialem
1656 3442 1707 3482 et
1740 3437 1958 3495 proxime
1991 3435 2313 3482 sufficientem
2358 3434 2369 3473 Ξ

253 3508 604 3561 subtrahentis,
627 3507 968 3565 conjungatur.
2314 3520 2318 3522 ·

311 3579 523 3625 Munus
544 3589 692 3623 coum.
716 3576 913 3622 Hebraei
935 3578 1182 3624 excercitum
1212 3577 1313 3623 caeli
1342 3581 1517 3623 vocant
1549 3577 1596 3621 1⁰
1630 3576 1936 3635 Angelorum
1956 3576 2172 3635 agmina,
2195 3573 2363 3638 Luc-31³

1481 4003 1529 4030 {if
1513 3975 1535 3994 ,
