2430 4030
582 307 864 344 Dncssu‘rum
904 306 1135 343 concita
1175 305 1640 342 JffiROSOLYMlTANI.
2024 288 2050 338 1
2062 287 2123 340 71

101 441 219 494 haec
249 439 578 493 necessaria:
618 441 651 478 ²¹<
677 444 737 488 ut
765 437 1092 488 abstineatis
1119 454 1216 490 vos
1251 437 1320 488 ab
1363 437 1657 489 immolatis
1700 436 2130 497 simulacrorum,
2154 446 2208 486 29

101 529 156 575 et
184 524 474 592 sanguine,
517 527 574 573 et
613 519 897 582 suffocate,
942 525 997 570 et
1039 519 1417 583 fornicatione,
1459 538 1490 570 a
1529 520 1730 588 quibus
1758 517 2133 570 custodientes

104 625 219 670 VOS,
248 607 388 658 bene
418 605 613 674 agetis.
644 603 857 654 Valete.

175 693 208 730 ²¹<
249 689 340 739 Illi
382 705 514 755 ergo
554 685 786 748 dimissi,
832 683 1235 736 descenderunt
1275 684 1656 736 Antiochiam:
1708 689 1763 735 et
1799 686 2136 750 congregata
2158 694 2212 733 30

104 770 458 822 multitudine
496 767 841 819 tradiderunt
883 766 1186 835 epistolam.
1219 771 1251 807 ³¹<
1293 766 1463 832 Quam
1493 785 1617 819 cum
1647 767 1933 835 legissent,
1960 764 2136 833 gavisi
2159 777 2211 814 31

86 859 232 906 'sunt
259 871 422 922 super
441 852 830 904 consolatione.
854 855 887 892 ²¹<
909 851 944 902 J
950 851 1082 902 udas
1109 858 1288 902 autem
1317 856 1372 901 et
1402 850 1558 915 Silas,
1589 857 1644 902 et
1671 850 1778 919 ipsi
1805 867 1926 901 cum
1955 852 2137 900 essent
2158 859 2212 895 32

101 937 411 1005 Prophetae,
434 936 600 988 verbo
628 934 864 1003 plurimo
892 934 1157 986 consolati
1184 939 1312 985 sunt
1339 935 1553 997 fratres,
1578 939 1633 986 et
1658 933 2135 986 confirmaverunt.

103 1024 136 1060 ²¹<
165 1019 333 1071 Facto
372 1024 553 1069 autem
599 1017 678 1069 ibi
718 1017 996 1085 aliquanto
1039 1022 1301 1084 tempore,
1341 1016 1549 1068 dimissi
1594 1022 1725 1068 sunt
1770 1034 1890 1068 cum
1930 1031 2062 1084 pace
2107 1023 2214 1066 a33

105 1277 265 1321 visum
287 1276 436 1320 fuisse
458 1290 513 1319 ex
538 1276 755 1320 unanimi
781 1276 983 1320 Patrum
1017 1288 1271 1326 consensu,
1305 1274 1520 1331 illudque
1553 1273 1711 1330 ipsum
1747 1287 1790 1317 v.
1825 1272 1879 1315 22
1909 1272 2142 1330 placuisse

105 1359 203 1389 non
230 1349 419 1389 tantum
454 1344 687 1402 apostolis,
722 1344 805 1388 sed
837 1343 982 1388 etiam
1015 1343 1292 1395 senioribus,
1324 1344 1420 1387 imo
1452 1357 1566 1387 vero
1598 1342 1726 1386 omni
1758 1341 1965 1385 ecclesice.
2001 1341 2143 1385 Ratio

106 1419 267 1460 autem
307 1413 606 1469 disparitatis
638 1419 728 1466 est,
762 1413 889 1471 quod
922 1428 1080 1458 sermo
1113 1413 1178 1457 ibi
1211 1413 1470 1457 haberetur
1501 1412 1559 1456 de
1592 1427 1643 1455 re
1675 1412 1874 1455 minoris
1912 1411 2144 1455 momenti

109 1484 185 1539 (de
210 1484 447 1540 eligendis
473 1483 590 1527 viris
617 1484 837 1537 idoneis),
865 1483 925 1527 ad
948 1498 1091 1540 quam
1121 1483 1298 1527 sufficit
1332 1483 1555 1527 humanae
1587 1481 1860 1538 prudentiae
1893 1482 2071 1533 lumen,
2097 1487 2145 1526 et

107 1558 160 1600 in
190 1570 285 1614 qua
317 1556 424 1599 laici
451 1555 531 1612 jus
565 1555 780 1600 dicendae
814 1555 1070 1600 sententiae
1105 1554 1236 1612 (gall.
1269 1555 1392 1599 droit
1424 1556 1476 1599 de
1509 1558 1604 1599 vote
1645 1554 1935 1610 consultatis)
1972 1553 2147 1598 habere

112 1628 333 1682 possunt.

169 1693 327 1738 Nmu.
362 1705 527 1745 emm,
554 1707 710 1737 eorum
742 1693 795 1737 de
827 1692 995 1751 quibus
1031 1694 1337 1738 controversia
1371 1697 1483 1738 erat.
1517 1691 1678 1749 Igitur
1700 1692 1969 1749 Decalogus
1999 1691 2148 1737 haud·-

112 1777 350 1820 quaquam
375 1762 661 1806 excluditur.

175 1831 320 1887 QUAM
343 1843 447 1874 HAEc
482 1843 779 1875 NECESSARIA.
815 1831 1061 1877 Vocantur
1094 1832 1397 1884 neccessaria,
1430 1846 1525 1876 non
1550 1845 1636 1889 per
1667 1845 1712 1876 se
1743 1835 1827 1875 aut
1858 1835 2033 1875 natura
2064 1845 2149 1875 sua

117 1901 336 1956 (excepta
356 1900 702 1954 fornicatione),
729 1900 809 1944 sed
836 1915 917 1957 per
939 1900 1149 1945 accidens
1184 1901 1259 1952 (ut
1291 1900 1464 1955 aiunt),
1490 1905 1538 1945 et
1564 1904 1762 1957 propter
1795 1900 1955 1944 omnia
1986 1914 2149 1944 rerum

117 1969 446 2025 temporisque
484 1968 722 2024 adjuncta.
766 1969 871 2013 Hoc
907 1977 1069 2014 autem
1110 1974 1407 2026 praeceptum
1450 1969 1589 2026 pleno
1621 1969 1731 2026 jure
1768 1969 1923 2012 latum
1960 1969 2052 2013 fuit
2089 1969 2150 2013 ad

115 2045 303 2083 certum
343 2050 548 2095 tempus,
587 2039 817 2095 quamdiu
854 2039 1044 2084 exstitit
1084 2039 1195 2083 finis
1240 2039 1461 2095 specialis
1501 2039 1562 2084 ob
1598 2053 1742 2096 quem
1784 2039 1858 2082 lex
1894 2039 1975 2082 illa
2011 2038 2148 2083 disci·

116 2109 319 2165 plinaris
360 2107 554 2151 condita
590 2114 663 2152 est
702 2126 711 2152 :
749 2108 996 2161 nimirum,
1035 2109 1298 2166 prohibitio
1336 2109 1546 2166 suffocati
1582 2114 1631 2152 et
1672 2107 1922 2164 sanquinis
1960 2107 2152 2153 videtur

118 2183 303 2222 statuta
326 2177 385 2220 ad
411 2191 573 2232 pacem
595 2178 722 2222 inter
746 2178 777 2222 J
782 2178 1231 2224 udam-christianos
1254 2183 1303 2222 et
1324 2177 1826 2223 ethnico-christianos
1850 2177 2150 2229 servandam,

115 2245 431 2290 interdictum
465 2260 577 2290 vero
608 2246 973 2304 idolothytorum
1005 2247 1064 2291 ad
1096 2247 1353 2292 vitandum
1392 2247 1686 2291 scandalum.
1719 2246 1817 2292 Vix
1849 2260 2043 2290 necesse
2077 2251 2152 2290 est

117 2329 310 2360 monere
332 2316 450 2360 istas
467 2315 595 2372 juris
620 2317 929 2362 ecclesiastici
956 2317 1348 2373 praescriptiones
1373 2317 1597 2373 abrogari
1622 2316 1838 2373 potuisse
1860 2334 1871 2370 ;
1903 2322 1966 2367 et,
1992 2319 2045 2359 ut
2069 2330 2153 2372 per

119 2385 345 2429 Ecclesiae
371 2386 768 2430 consuetudinem
802 2392 1010 2439 constat,
1036 2386 1135 2443 jam
1170 2387 1253 2430 diu
1285 2387 1488 2431 abolitas
1521 2386 1685 2431 fuisse.
1710 2385 1816 2431 Imo
1839 2400 1952 2431 vero
1974 2386 2048 2430 lex
2072 2385 2154 2429 illa

114 2453 335 2511 positiva,
369 2454 427 2498 de
460 2469 558 2499 non
593 2454 790 2499 edendis
823 2455 1122 2512 idolothytis,
1148 2460 1283 2499 extra
1309 2455 1500 2512 Syriam
1522 2455 1842 2512 regionesque
1875 2454 2053 2498 vicinas
2078 2453 2155 2507 (cf.

124 2537 169 2567 v.
197 2522 272 2576 23)
297 2523 396 2567 vim
430 2535 656 2579 umquam
691 2522 922 2568 habuisse
951 2537 1049 2568 non
1080 2522 1275 2568 videtur
1302 2543 1311 2567 :
1335 2524 1599 2580 Apostolus
1633 2523 1776 2575 enim,
1800 2523 1850 2565 in
1876 2524 1922 2566 la
1944 2522 2006 2566 ad
2029 2520 2155 2573 Cor„

125 2591 285 2636 tribus
309 2592 562 2648 capitibus,
589 2608 651 2638 sc.
680 2593 828 2646 VIII,
862 2593 936 2638 IX
969 2599 1016 2638 et
1047 2594 1109 2646 X,
1143 2593 1200 2637 de
1236 2593 1616 2651 idolothytorum
1639 2608 1724 2638 esu
1750 2593 1986 2645 scribens,
2010 2591 2154 2636 istius

125 2663 355 2718 praecepti
379 2675 474 2706 non
501 2662 737 2706 meminit.

181 2731 250 2774 29.
276 2731 626 2775 Gus'romnmns
650 2749 659 2774 ε
687 2735 958 2785 διατηρουντες
979 2730 1138 2775 sedulo
1160 2731 1501 2776 custodientes.
1528 2730 1663 2774 BENE
1689 2743 1848 2773 Asnaus
1872 2748 1882 2774 ε
1910 2748 1950 2773 ευ
1971 2733 2155 2784 πραξετε,

123 2800 294 2844 melius
308 2799 469 2857 felices
491 2800 637 2852 eritis,
671 2799 778 2844 bene
800 2799 927 2844 vobis
960 2800 1064 2852 erit,
1099 2814 1285 2857 nempe,
1308 2806 1507 2857 propter
1530 2800 1834 2845 concordiam
1859 2803 1908 2843 et
1931 2797 2158 2842 unionem

125 2883 234 2926 quae
256 2869 383 2914 inter
407 2868 697 2913 christianas
720 2869 1092 2914 communitates
1115 2870 1354 2926 regnabit.

185 2938 291 2983 Duo
335 2939 486 2996 igitur
536 2953 699 2984 rerum
745 2939 904 2994 capita
947 2939 997 2982 in
1040 2939 1129 2983 hoc
1173 2940 1388 2984 Concilio
1432 2940 1628 2983 fuerunt
1667 2938 1859 2982 decreta
1902 2956 1911 2981 :
1954 2936 2158 2980 alterum

129 3007 454 3064 dogmaticum
489 3027 500 3052 ε
532 3008 765 3065 abrogata
797 3022 903 3052 esse
934 3008 1131 3064 legalia3
1166 3008 1375 3052 alterum
1409 3023 1523 3053 vero
1555 3008 1734 3052 morale
1768 3024 1777 3048 ε
1810 3022 1837 3051 a
1871 3005 2160 3063 quibusdam

129 3077 469 3123 abstinendum
493 3091 614 3131 esse,
636 3078 712 3123 vel
734 3077 784 3120 in
810 3084 1114 3133 perpetuum,
1146 3091 1319 3133 nempe
1353 3091 1380 3121 a
1411 3077 1741 3128 fornicatione,
1773 3076 1850 3120 vel
1871 3075 1930 3119 ad
1954 3080 2160 3131 tempus,

130 3161 196 3193 sc.
217 3161 245 3191 a
265 3147 420 3191 tribus
445 3147 566 3191 aliis.

191 3217 260 3260 32.
286 3216 354 3260 Em
377 3228 482 3268 IPSI,
504 3217 631 3261 sicut
660 3215 840 3260 Paulus
865 3219 914 3260 et
938 3215 1198 3261 Barnabas.
1227 3216 1486 3260 PRoPHmAE
1514 3233 1523 3258 ι
1545 3214 1647 3259 haec
1669 3214 1992 3258 denominatio
2015 3226 2162 3257 sensu

133 3286 368 3332 latissimo
392 3285 618 3338 sumitur,
651 3286 710 3330 de
741 3286 799 3329 iis
832 3285 932 3341 qui,
963 3284 1129 3330 divino
1161 3285 1422 3342 adjuvante
1457 3284 1662 3341 Spiritu,
1689 3291 1853 3327 sancta
1875 3282 2081 3340 quadam
2114 3285 2162 3326 et

134 3355 308 3402 efficaci
328 3355 572 3412 pollebant
597 3356 886 3415 eloquentia.

194 3425 266 3468 33.
293 3425 403 3470 cnm
423 3437 555 3478 PAcn,
569 3426 697 3483 jussi
718 3426 825 3470 bene
849 3425 1002 3470 valere
1017 3443 1034 3477 ;
1067 3424 1173 3469 aliis
1197 3423 1357 3468 verbis
1381 3424 1580 3479 :fratres
1599 3436 1672 3466 eos
1693 3420 1987 3471 dimiserunt,
2008 3433 2165 3476 pacem

134 3497 200 3542 eis
231 3498 542 3555 appretiante&
575 3495 703 3540 Nota
735 3502 809 3539 est
841 3494 1146 3538 salutationis
1178 3493 1402 3544 formula,
1435 3491 1623 3536 Judaeis
1658 3491 1888 3535 solemnis
1914 3508 1923 3534 :
1946 3490 2048 3534 Pam
2081 3487 2166 3531 tibi

135 3566 212 3614 vel
236 3569 394 3619 tecum,
417 3580 504 3623 pro
527 3565 643 3621 vale,
666 3566 824 3612 salvus
847 3567 953 3619 (3880,
965 3563 1088 3621 selim
1110 3564 1174 3609 sis
1198 3569 1287 3609 etc.
