2430 4030
760 369 826 404 Du
866 371 1210 409 VERSIONIBUS
1248 376 1518 420 AN‘rioms.
2083 371 2150 422 37

792 572 860 617 ΙΙ.
894 573 1164 635 Vunsmuns
1196 580 1497 624 ommuni-:ss

16 785 35 806 y,
197 723 248 775 1⁰
295 722 534 792 Symiacae
582 745 592 776 :
637 722 693 793 as
740 725 981 778 Pcschito
1031 729 1085 794 (i.
1132 748 1177 781 e.
1225 731 1491 801 simplem),
1539 751 1659 804 quae
1688 739 1867 789 seculo
1910 739 1967 789 II
2009 740 2151 793 facta

121 803 488 870 existimatur,
554 825 917 878 magnamque
985 811 1151 863 habet
1225 817 1620 869 auctoritatem.
1699 819 1920 884 Verum,
1986 824 2152 889 probe

14 970 20 972 .
118 889 420 942 notandum
462 895 565 953 est,
606 889 743 942 duos
779 897 996 943 exstare
1037 898 1221 946 textus
1260 898 1393 947 satis
1434 897 1679 951 diveisos
1717 902 1982 953 versionis
2008 904 2152 956 illius

31 983 34 985 ’
118 973 397 1038 PeschitO,
435 974 693 1027 nimirum
735 981 948 1028 textum
989 979 1290 1048 vulgarem,
1320 987 1375 1032 et
1403 989 1612 1035 textum
1643 1004 1672 1035 a
1703 985 1941 1038 Cureton
1981 1007 2154 1057 nuper

118 1055 348 1109 editum.
403 1056 612 1108 Textus
677 1058 942 1151 vulgaris,
997 1062 1088 1128 qui
1143 1079 1286 1130 saepe
1347 1064 1565 1116 liberim
1618 1068 1671 1117 in
1726 1070 1987 1121 vertendo
2051 1077 2150 1134 est,

20 1140 30 1212 ἰ’
119 1145 399 1210 tamquam
446 1140 732 1210 primitiva
785 1142 961 1193 versio
1017 1143 1237 1209 Syriaca
1291 1145 1510 1200 habitus
1563 1149 1683 1214 fuit,
1736 1152 2056 1245 usquedum,
2104 1172 2151 1206 a.

31 1257 35 1260 -
124 1223 284 1287 1858,
331 1223 571 1276 Cureton
619 1223 854 1275 Londini
897 1224 1069 1276 edidit
1101 1226 1413 1297 fragmenta
1453 1230 1875 1301 Evangeliorum
1915 1235 2150 1303 syriace,

123 1321 245 1375 quae
287 1305 508 1375 quidem
551 1305 860 1375 fragmenta
903 1307 970 1359 ad
1010 1309 1312 1360 versionem
1362 1311 1613 1365 Peschito
1657 1316 2005 1367 vetustiorem
2035 1335 2153 1385 per-

22 1461 28 1465 .
119 1388 294 1441 tinere
322 1387 600 1442 videntur.
633 1388 713 1440 Cf.
741 1388 870 1441 Rev.
902 1389 1053 1442 Gath.
1099 1391 1254 1443 1858.
1296 1393 1371 1443 De
1418 1394 1947 1464 ValroqerJntrod.
1990 1416 2061 1448 au
2103 1417 2154 1453 n.

47 1526 74 1528 γ,
122 1471 181 1525 Τ.
226 1472 382 1535 1861,
426 1478 464 1524 t.
511 1474 557 1535 l,
598 1490 652 1540 p.
693 1473 819 1524 449.

190 1554 254 1624 bl
291 1554 522 1624 Syriaca
560 1554 958 1625 Philoceemffana
996 1556 1083 1608 vel
1122 1559 1399 1624 posterior,
1433 1577 1590 1628 quam
1622 1562 1910 1630 episcopus
1940 1565 2155 1632 qnidam

125 1638 516 1708 Monophysita
556 1637 880 1689 Philemenus
920 1655 1015 1689 seu
1053 1638 1269 1690 Xenasia
1296 1660 1344 1692 a.
1374 1642 1477 1693 508
1506 1643 1889 1695 conficiendam
1931 1649 2154 1710 curavit,

125 1711 356 1791 q‘uaeque
411 1719 700 1771 literaliter
752 1726 808 1771 et
861 1721 1131 1772 serviliter
1186 1731 1395 1774 textum
1451 1742 1691 1792 graecum
1746 1727 1925 1780 refert,
1984 1729 2157 1798 Hujus

123 1810 308 1856 autem
355 1804 622 1856 versionis
671 1804 978 1873 recognitio
1026 1803 1168 1855 facta
1211 1815 1294 1856 est
1346 1826 1376 1857 a
1430 1806 1635 1858 Thoma
1691 1808 2011 1862 Charklensi
2064 1830 2157 1864 seu

127 1886 482 1948 Heracleensi
530 1886 618 1954 (ex
663 1886 928 1938 Heraclea
956 1887 1010 1936 in
1044 1887 1375 1954 Palaestina).

197 1972 252 2023 2⁰
288 1970 560 2025 Versiones
585 1970 923 2039 AEqyptiacoe
962 1987 1057 2020 seu
1103 1969 1348 2038 Copticce.
1393 1972 1520 2023 Tres
1549 1978 1675 2023 sunt
1704 1973 1904 2042 linguae
1932 1975 2156 2043 coptioae

19 2111 26 2132 .-
125 2055 364 2119 dialecti,
412 2055 467 2107 in
515 2056 717 2125 quibus
761 2054 1044 2105 translatio
1089 2072 1131 2106 S.
1180 2054 1477 2124 Scripturae
1527 2056 1669 2109 facta
1723 2065 1824 2119 est,
1878 2058 1945 2110 ad
1996 2059 2156 2110 finem

31 2134 37 2168 f
61 2188 68 2191 ,
125 2139 295 2191 seculi
337 2139 449 2204 III,
494 2147 554 2191 ut
596 2139 834 2202 videtur,
880 2138 1089 2190 scilicet
1134 2158 1144 2190 :

197 2219 253 2292 al
294 2221 510 2290 Coptica
555 2221 766 2289 (stricte
805 2220 995 2287 dicta),
1037 2221 1149 2272 sive
1178 2219 1547 2289 Memphitica,
1580 2221 1632 2272 in
1662 2222 1893 2273 dialecto
1919 2221 2157 2291 AEgypti

39 2322 42 2323 ’
125 2306 419 2359 inferioris.

196 2389 260 2463 bs
304 2392 571 2447 Sahidica
621 2393 737 2445 sive
786 2390 1130 2455 Thebaidica,
1179 2390 1233 2441 in
1282 2390 1512 2442 dialecto
1558 2390 1707 2459 AEgy
1714 2392 1792 2459 pti
1846 2392 2153 2460 superioris.

16 2478 52 2539 ἐξ
127 2477 366 2531 Nonnisi
405 2478 717 2546 fragmenta
753 2482 1069 2545 supersunt.

19 2584 35 2594 2
199 2559 255 2631 cs
304 2561 627 2614 Basmurica
673 2579 771 2613 seu
815 2559 1184 2621 Ammoniaca,
1230 2575 1368 2627 quae,
1414 2576 1576 2627 quum
1622 2558 1756 2608 nihil
1809 2558 1875 2609 de
1931 2558 2157 2609 Actibus

11 2550 49 2683 ξ
129 2643 348 2709 habeat,
387 2645 458 2696 ad
495 2643 635 2696 hanc
675 2642 878 2695 introd.
921 2641 975 2691 in
1017 2643 1143 2692 Act.
1178 2644 1282 2708 Ap.
1317 2659 1422 2691 non
1451 2640 1708 2709 pertinet.

35 2800 37 2802 η
201 2729 256 2781 30
301 2725 478 2782 Versio
516 2726 850 2796 AE'thiopica,
892 2725 1036 2776 sacta
1077 2723 1258 2775 seculo
1302 2723 1380 2774 IV
1428 2722 1744 2789 (secundum
1785 2722 2006 2773 aliorum
2035 2739 2157 2773 con-

0 2832 25 2854 ,-
51 2880 54 2882 v
122 2811 391 2881 jecturam
421 2811 641 2863 nonnisi
670 2809 852 2862 seculo
894 2807 977 2859 VI
1021 2806 1105 2859 vel
1149 2805 1404 2873 V11),ex
1435 2811 1589 2856 textu
1618 2822 1814 2873 g1ae00,
1846 2813 1902 2854 ut
1931 2805 2156 2866 videtur,

42 2962 47 2968 ,
91 2893 376 2946 adhibita
416 2898 601 2946 tamen
648 2891 898 2945 versione
940 2889 1179 2940 arabica.
1230 2888 1471 2938 Lacunas
1518 2887 1682 2937 habet
1725 2887 1776 2935 in
1821 2885 2049 2936 Actibus.

0 2986 1 2989 ’
35 2972 68 3037 f
119 3008 150 3051 ,χ
201 2979 258 3030 40
304 2978 578 3032 Versiones
618 2975 860 3028 Arabicce
901 2974 1083 3044 plures
1125 2978 1268 3034 sunt,
1313 2971 1408 3022 sed
1448 2971 1594 3021 nulla
1633 2971 1798 3020 totius
1827 2969 1950 3019 novi
1977 2969 2157 3019 Testa·

0 3077 15 3106 ὲ
42 3054 82 3111 s'
91 3056 308 3132 menti
346 3064 525 3116 versio
563 3062 840 3132 publicam
869 3058 1249 3110 auctoritatem
1293 3056 1595 3106 obtinuisse
1633 3053 1861 3106 videtui.
1904 3052 1997 3114 Ea,
2039 3070 2158 3119 quae

0 3158 98 3200 ζ·
118 3147 191 3201 izn
230 3146 558 3217 polyglottis
607 3142 1008 3214 Parisiensibus
1065 3148 1119 3192 et
1174 3139 1614 3191 Londinensibus
1667 3137 1812 3188 edita
1865 3141 1965 3198 est,
2020 3135 2159 3186 circa

0 3226 8 3299 ζ
63 3223 482 3300 ³1⁵Mahumed1s
527 3228 774 3298 tempora
819 3224 1178 3296 probabiliter
1225 3224 1500 3273 elaborata
1550 3222 1669 3271 fnit
1726 3219 1887 3271 Liber
1938 3218 2160 3268 Actuum

63 3303 527 3383 Apostolorum
573 3332 602 3365 e
653 3312 875 3381 Syriaca
923 3306 1178 3359 Peschito
1234 3306 1500 3373 originem
1549 3302 1758 3354 habuit.

6 3400 11 3462 J·
205 3394 263 3447 50
314 3394 488 3447 Versio
526 3393 869 3455 Armeniaca,
907 3389 1075 3442 seculi
1113 3386 1185 3451 V,
1227 3387 1370 3438 facta
1416 3393 1511 3438 est
1541 3402 1608 3437 ex
1652 3382 1928 3435 codicibus
1969 3380 2161 3448 graecis

6 3476 13 3485 ³
95 3460 356 3539 sti-'hese
398 3482 455 3530 et
494 3476 828 3530 Alexandria
874 3473 1068 3526 allatis.
1121 3470 1277 3523 Secul
1284 3487 1313 3520 o
1354 3468 1528 3532 XIII,
1577 3465 1790 3535 quando
1837 3462 2056 3514 Armeni
2093 3461 2159 3512 ad

95 3545 395 3635 {sionem
436 3578 560 3618 cum
603 3560 817 3613 Latinis
864 3555 1067 3612 reversi
1108 3560 1252 3616 sunt,
1303 3553 1608 3604 versionem
1650 3565 1833 3599 eorum
1878 3545 1946 3595 ad
1983 3561 2159 3594 exem-

98 3626 275 3723 *
344 3641 518 3697 latina
547 3643 811 3713 Vulgatae
850 3645 1112 3695 mutatam
1150 3636 1318 3688 fuisse
1365 3632 1611 3685 nonnulli
1647 3620 2002 3682 contendunt.
