2430 4030
141 320 201 355 vs·
251 331 254 334 ’

518 347 775 383 BONORUM
816 349 1157 387 OOMMUNITAS
1198 353 1356 389 INTER.
1395 355 1752 394 CHRISTIANOS.

63 464 405 548 fientibus,
433 488 490 535 et
515 482 737 552 populis
766 483 955 547 Israel,
986 489 1019 526 ²¹<
1046 486 1222 538 facere
1260 504 1380 557 quae
1416 508 1606 544 manus
1632 498 1742 557 tua,
1772 499 1827 545 et
1853 496 2136 549 consilium
2159 506 2212 545 28

59 555 268 635 {tuum
313 563 678 617 decreverunt
730 565 868 619 fieri.
916 569 948 606 ²¹<
995 566 1067 618 Et
1113 586 1258 622 nunc
1308 571 1552 646 Domine,
1600 575 1811 643 respice
1861 577 1916 628 in
1965 578 2136 631 minas
2158 591 2212 632 29

57 646 319 719 fj‘eorum,
360 653 415 701 et
455 647 525 700 da
563 647 736 701 servis
777 648 888 700 tuis
930 667 1051 700 cum
1092 652 1239 702 omni
1279 641 1476 705 fiducia
1517 655 1665 725 loqui
1700 658 1924 710 verbum
1965 664 2134 725 tuum,

1 802 13 829 Ξ
86 733 147 793 ,*
189 730 245 783 in
287 749 352 783 eo
396 729 544 800 quod
589 747 811 782 manum
857 735 1006 782 tuam
1047 733 1311 784 extendas
1350 735 1419 786 ad
1455 737 1736 802 sanitates,
1775 745 1830 790 et
1872 741 2044 808 signa,
2084 747 2138 794 et
2159 754 2214 793 30

18 873 20 875 ,
47 822 75 871 ’.τ
112 813 367 885 prodigia
392 814 510 867 fieri
547 833 644 884 per
681 832 879 866 nomen
910 815 1087 866 sancti
1125 815 1249 866 Filii
1280 818 1357 868 tui
1386 819 1536 871 Jesu.
1568 825 1599 861 >¹<
1629 820 1701 872 Et
1727 839 1845 873 cum
1876 829 2135 889 orassent,
2160 840 2211 879 31

0 941 4 954 ,
47 903 294 979 ftsmotus
333 902 418 949 est
455 897 627 961 locus,
657 897 714 948 in
759 915 866 967 quo
909 903 1064 949 erant
1102 901 1427 969 congregati
1457 922 1467 952 :
1498 909 1552 953 et
1580 903 1772 971 repleti
1801 911 1928 956 sunt
1955 924 2137 958 omnes

45 981 326 1052 j2‘Spiritu
352 986 561 1044 sanct0,
591 986 646 1034 et
676 981 1043 1050 loquebantur
1070 981 1296 1035 verbum
1329 983 1429 1035 Dei
1457 1002 1578 1036 cum
1605 986 1818 1039 fiducia.

185 1151 214 1220 ᾤ
245 1149 294 1202 5.
325 1147 594 1200 Bonorum
622 1147 977 1200 communitas
1005 1148 1062 1198 in
1089 1148 1301 1201 ecelesia
1328 1150 1814 1220 Jerosozymitana;
1846 1155 2068 1207 historia

499 1229 730 1281 Ananiae
762 1235 809 1280 et
839 1228 1091 1298 Saphirce
1118 1252 1131 1282 .·
1163 1247 1272 1283 CAP.
1305 1231 1404 1296 IV,
1435 1233 1499 1284 32
1519 1233 1646 1298 —V,
1678 1237 1760 1287 ll.

63 1432 68 1435 ,
188 1377 574 1432 Summanum.
605 1375 835 1428 Florens
874 1375 1137 1429 Ecclesiae
1178 1379 1450 1429 nascentis
1491 1385 1682 1444 status,
1712 1381 1765 1431 in
1808 1398 1909 1450 qua
1949 1390 2142 1452 regnat

0 1478 2 1538 ᾗ
113 1463 382 1516 bonorum
410 1461 775 1514 communitas
809 1461 1046 1529 (32-35).
1081 1462 1146 1512 In
1177 1462 1483 1530 exemplum
1523 1463 1811 1515 adducitur
1850 1465 2143 1518 liberalitas

0 1575 2 1595 ;
44 1545 382 1612 [Barnabae
409 1544 690 1614 cujusdam
727 1544 835 1610 (36,
860 1544 975 1611 37).
1005 1545 1241 1595 Ananias
1268 1551 1446 1595 autem
1478 1551 1532 1596 et
1562 1545 1789 1614 Saphira
1816 1547 1885 1599 ob
1913 1549 2140 1600 fucatam

0 1639 15 1684 s
61 1632 75 1639 '
117 1630 470 1700 largitionem
501 1635 676 1681 morte
706 1629 891 1680 subita
920 1628 1183 1680 divinitus
1211 1629 1525 1696 plectuntur
1558 1629 1645 1696 (V,
1680 1631 1846 1697 l-ll).

43 1870 46 1874 .
83 1886 86 1887 ς
179 1830 250 1875 28.
283 1831 489 1884 Ficana,
521 1847 616 1877 non
650 1845 965 1890 quaecumque
995 1831 1266 1882 voluerunt,
1303 1830 1384 1874 sed
1411 1843 1514 1884 QUAE
1538 1842 1695 1874 MANUS
1718 1843 1806 1874 TUA
1834 1831 2143 1887 (metaphora)

21 1912 63 1961 ᾗ,
117 1901 324 1966 potentia
355 1904 450 1953 tua,
483 1915 540 1946 ΕΤ
573 1914 825 1946 consumis
859 1913 1006 1950 TUUM,
1038 1900 1249 1944 voluntas
1282 1903 1375 1951 tua,
1408 1912 1744 1943 DECREVERUNT
1768 1913 1907 1943 rmm.
1931 1900 2143 1945 Verbum

120 1971 241 2016 illud
255 1971 366 2029 fieri
386 1971 522 2016 valde
548 1972 800 2028 proprium
826 1978 916 2024 est;
948 1985 1057 2013 nam
1082 1971 1184 2026 ipse
1211 1969 1335 2013 Deus
1371 1983 1461 2012 non
1475 1970 1601 2026 fecit,
1626 1969 1706 2012 sed
1730 1984 1815 2013 suo
1836 1969 2023 2014 decreto
2035 1971 2146 2026 fieri

122 2043 358 2102 permisit.
398 2043 587 2100 Regula
626 2058 817 2087 summa
856 2049 903 2088 et
946 2042 1186 2099 primaria,
1227 2055 1332 2098 quae
1370 2041 1616 2085 historiam
1657 2041 1821 2084 mundi
1854 2041 2064 2086 universi
2098 2048 2145 2087 et

46 2108 53 2156 ζ
104 2112 431 2171 [singulorum
459 2114 707 2158 hominum
732 2113 1011 2158 moderatur
1035 2127 1088 2156 ac
1111 2111 1289 2169 dirigit,
1314 2111 1538 2167 praeclare
1562 2111 1856 2167 exprimitur.

62 2235 67 2239 ,
103 2184 126 2198 ”
181 2182 251 2228 29.
284 2181 490 2228 Rssrlcn
522 2196 574 2227 IN
606 2195 768 2235 mnus,
800 2189 854 2227 ut
888 2197 967 2227 eas
1001 2183 1165 2226 inanes
1199 2181 1383 2225 reddas,
1417 2180 1652 2236 Respicere
1677 2179 1752 2223 hic
1774 2180 1819 2223 in
1846 2180 2016 2224 malam
2042 2195 2145 2237 par·

0 2277 2 2280 ·
121 2256 252 2305 tem3
277 2252 392 2297 alibi
420 2254 618 2312 saepius,
643 2259 699 2298 ut
727 2253 844 2298 Luc.
871 2253 911 2306 I,
936 2253 1008 2304 25,
1034 2253 1082 2296 in
1105 2252 1276 2296 bonam
1304 2256 1488 2307 partem
1513 2251 1759 2306 accipitur.

66 2359 100 2380 .-.
181 2322 254 2367 30.
288 2322 345 2367 In
377 2335 436 2368 Eo
468 2336 594 2377 QUOD
627 2329 717 2368 etc.
746 2337 758 2368 :
788 2337 893 2381 qnae
927 2322 1115 2374 fiducia,
1149 2336 1231 2365 seu
1265 2319 1450 2364 dicendi
1484 2320 1675 2363 libertas
1713 2319 1878 2371 aderit,
1904 2331 1944 2363 SI
1975 2332 2148 2363 MANUM

43 2386 51 2423 Ῐ
83 2396 250 2437 *TUAM
281 2405 524 2437 EXTENDAS
558 2393 915 2447 (hebraismus),
950 2392 989 2435 si
1022 2391 1285 2447 potentiam
1327 2396 1455 2433 tuam
1490 2402 1676 2431 exseras
1710 2401 1768 2430 AD
1807 2400 2061 2439 SANJTATES,
2093 2402 2147 2432 ΕΤ

40 2455 256 2521 samm
289 2467 396 2514 etc.,
429 2462 592 2514 verbo,
625 2462 687 2507 ad
721 2462 950 2506 miracula
983 2460 1138 2503 omnis
1173 2457 1375 2515 generis.
1410 2457 1516 2501 Duo
1544 2457 1694 2513 igitur
1718 2462 1889 2513 petunt
1910 2457 2144 2512 apostoli:

19 2587 22 2590 Ι
62 2554 73 2571 ’-
111 2532 269 2578 ‘robur
292 2532 353 2577 ad
377 2533 739 2590 praedicandum
765 2547 861 2577 non
887 2530 1193 2576 obstantibus
1219 2527 1635 2585 persecutionibus
1661 2526 1736 2580 (ab
1761 2526 1834 2569 his
1857 2532 2015 2571 autem
2039 2526 2146 2570 libe-

0 2601 17 2614 ”
55 2604 217 2659 {grari
255 2619 354 2648 non
393 2610 584 2661 rogant,
623 2604 755 2662 qnod
787 2603 936 2661 probe
970 2600 1272 2652 notandum),
1306 2605 1353 2642 et
1387 2597 1722 2641 miraculorum
1756 2596 1948 2640 donum.
1986 2595 2148 2648 Porro,

0 2668 2 2715 Ϊ
79 2674 391 2730 ..exemplum
431 2688 598 2718 eorum
630 2674 969 2718 necessitatem
1008 2668 1286 2715 recurrendi
1319 2668 1378 2711 ad
1412 2668 1535 2724 piam
1570 2666 1904 2723 precationem,
1939 2666 2147 2722 quoties·

0 2765 4 2798 ζ
57 2738 326 2805 <3cumque
366 2745 626 2790 vehemens
664 2745 822 2790 oritur
862 2743 1081 2793 tentatio,
1121 2746 1205 2784 aut
1241 2754 1388 2796 grave
1428 2739 1691 2795 periculum
1735 2736 1968 2787 imminet,
2008 2736 2142 2780 nobis

0 2842 4 2855 ν
55 2805 438 2878 gfdemonstrat.
462 2840 519 2846 —
544 2815 697 2860 Jnsu.
722 2829 839 2872 ergo
871 2814 964 2858 huc
995 2818 1185 2857 tantum
1222 2814 1439 2866 spectant
1472 2821 1633 2851 eorum
1667 2820 1829 2863 preces
1862 2812 1908 2849 et
1940 2816 2064 2856 vota,
2091 2810 2145 2849 ut

4 2931 14 2945 ς,
68 2918 85 2942 5..
110 2885 268 2932 Jesus
304 2885 618 2944 glorificetur,
650 2892 706 2931 ut
742 2899 918 2931 nomen
958 2883 1061 2940 ejus
1102 2880 1436 2929 sanctificetur,
1470 2883 1617 2934 utque
1648 2890 1847 2932 regnum
1881 2874 1980 2931 ejus
2013 2875 2145 2919 adve-

137 3091 257 3150 ι’),
300 3095 478 3153 quique
519 3094 764 3140 infallibili
805 3093 951 3138 verbo
991 3098 1076 3135 tuo
1117 3086 1378 3145 promisisti
1418 3086 1517 3128 fore
1558 3090 1609 3127 ut
1643 3089 1782 3127 terrae
1823 3082 2061 3137 principes
2100 3084 2150 3124 et

172 3164 290 3220 uli
319 3165 489 3208 Jesum
522 3164 708 3209 frustra
735 3164 1078 3220 impugnarent
1106 3160 1197 3211 (25-
1204 3158 1294 3211 27),
1319 3169 1466 3212 quum
1494 3154 1613 3197 nihil
1638 3153 1753 3209 quin
1779 3151 2024 3207 permittas
2047 3148 2148 3192 fieri

211 3233 278 3278 ait.
297 3233 415 3288 (28):
434 3248 663 3279 succurre
685 3233 824 3278 nobis
848 3238 903 3275 ut
927 3228 1241 3285 Evangelium
1268 3223 1492 3280 intrepidi
1514 3221 1821 3279 praedicemus
1842 3219 1951 3273 (29),
1967 3221 2147 3262 nostra·

201 3303 384 3348 verba
410 3304 756 3348 miraculorum
783 3301 910 3345 dono
937 3297 1169 3343 confirma
1196 3296 1303 3349 (30).

113 3360 253 3431 ‘31
287 3370 452 3419 Moerus
475 3385 558 3418 Es'r
579 3385 736 3426 Locos,
762 3378 971 3417 tiemore
997 3366 1203 3425 quodam
1237 3363 1532 3412 miraculoso,
1557 3362 1604 3404 in
1637 3360 1827 3416 signum
1863 3357 2142 3413 precationis

180 3436 337 3506 gne
353 3441 546 3490 auditae.
567 3441 715 3497 Quasi
738 3439 956 3486 divinum
980 3440 1122 3482 Amen
1145 3441 1234 3485 est,
1253 3433 1377 3490 quod
1404 3432 1525 3486 piam
1551 3429 1867 3487 precationem
1890 3426 2142 3478 concludit,

139 3556 144 3559 t
258 3519 405 3557 ansts
425 3520 562 3559 notat
585 3513 807 3569 Bisping.
837 3509 904 3554 Er
927 3519 1123 3551 sarnam
1145 3515 1259 3549 sum
1293 3514 1441 3546 OMNES
1475 3500 1666 3544 Smmw
1697 3510 1896 3542 smero:
1921 3495 2144 3552 speciales

139 3554 159 3612 '{
180 3586 217 3626 ,i
236 3585 273 3634 ’j
293 3613 325 3634 ‚
343 3593 517 3639 nempe
540 3580 768 3634 actuales,
790 3580 966 3625 iterum
990 3578 1286 3632 receperunt,
1310 3587 1405 3616 non
1430 3571 1582 3616 solum
1616 3567 1832 3627 apostoli,
1867 3566 1947 3611 sed
1979 3579 2142 3610 omnes

161 3651 230 3707 ;,,ς
219 3641 255 3650 ““
272 3666 323 3693 ι
346 3650 521 3708 ogati.
