2430 4030
229 311 331 362 212
679 323 840 360 Aeros
878 321 1272 370 Aros'ronossnm,
1312 308 1422 359 cAP.
1461 307 1585 371 XX,
1632 308 1814 362 17-38.

230 473 371 507 mem
399 470 616 507 cursum
647 471 846 516 meum,
875 459 931 504 et
969 453 1333 506 ministerium
1362 456 1534 519 verbi,
1563 456 1712 526 quod
1754 456 1944 525 accepi
1969 474 2001 507 a
2031 434 2282 515 Domine?

153 560 206 600 25
230 538 382 603 Jesu,
413 535 698 589 testificari
742 535 1107 604 Evangelium
1135 537 1330 604 gratiae
1364 538 1481 591 Dei.
1522 542 1554 579 *
1587 538 1659 590 Et
1687 557 1834 591 nunc
1863 557 1989 592 ecce
2019 556 2127 608 ego
2156 526 2305 594 scio:

230 623 357 693 quia
402 621 636 691 amplius
683 639 788 672 non
836 620 1102 673 videbitis
1149 622 1342 674 faciem
1390 641 1561 675 meam
1589 642 1687 677 vos
1736 642 1944 689 omnes,
1985 642 2085 694 per
2132 618 2310 694 quos·⁴

155 726 208 766 26
232 705 460 759 transivi
511 703 817 775 praedicans
870 722 1104 773 regnum
1160 704 1280 756 Dei.
1343 710 1375 745 *
1436 704 1783 777 Quapropter
1834 714 2119 760 contestor
2171 700 2306 760 ves?

156 806 208 851 27
231 787 493 841 hodierna
545 786 652 850 die,
705 786 831 855 quia
882 785 1117 838 mundus
1167 805 1287 838 sum
1338 805 1369 838 a
1421 790 1691 857 sanguine
1744 789 2009 842 omnium.
2059 793 2091 830 *
2141 787 2312 860 Non⁸

233 871 376 923 enim
430 869 764 937 subterfugi,
819 869 1107 937 quominus
1158 869 1550 922 annunciarem
1606 889 1766 924 omne
1818 871 2110 924 consilium
2168 868 2311 939 Deir

233 1082 339 1126 aliis
361 1079 525 1126 verbis
549 1098 559 1124 ε
587 1084 751 1136 pereat
776 1094 973 1136 corpus,
995 1080 1136 1125 modo
1162 1081 1266 1137 ipse
1288 1080 1452 1126 salvus
1476 1081 1606 1126 fiam.
1633 1081 1693 1125 In
1729 1086 1863 1127 textu
1910 1081 2146 1138 Recepto:
2194 1078 2276 1124 sed
2306 1084 2310 1093 “

237 1152 418 1197 nullius
444 1151 795 1206 (renovationem
807 1152 940 1209 facio
969 1152 1017 1205 (i.
1038 1167 1075 1196 e.
1088 1151 1274 1207 habeo),
1293 1167 1439 1211 neque
1457 1151 1598 1198 habeo
1622 1153 1836 1198 animam
1860 1168 2009 1198 meam
2029 1152 2282 1211 pretiosam
2298 1162 2324 1174 ³
2381 1156 2386 1207 ξ

239 1224 343 1277 (seu
365 1222 545 1275 caram)
573 1219 896 1278 mihimetipsi,
922 1225 974 1264 ui
998 1227 1102 1273 etc.;
1137 1221 1164 1265 i.
1191 1235 1229 1264 e.
1258 1222 1421 1266 omnia
1463 1229 1722 1268 contemno
1744 1222 1973 1280 pericula,
2005 1222 2102 1266 imo
2122 1221 2278 1278 ipsam

239 1304 414 1348 sperno
434 1291 602 1342 vitam,
628 1296 682 1334 ut
700 1304 898 1334 cursum
925 1304 1083 1334 meum
1112 1290 1372 1346 perficiam.
1399 1289 1458 1334 In
1491 1291 1628 1335 codd.
1651 1297 1815 1336 autem
1841 1291 2000 1336 BOD*
2023 1294 2072 1336 et
2107 1289 2283 1336 Sinait.
2303 1314 2315 1326 »·
2384 1318 2387 1322 »

241 1363 309 1406 sic
331 1361 541 1417 legitur:
569 1358 646 1403 sed
673 1359 808 1403 nulla
849 1359 1034 1404 ratione
1062 1359 1195 1415 facio
1218 1360 1431 1404 animam
1454 1361 1709 1418 pretiosam
1740 1361 2064 1419 mihimetipsi,
2099 1362 2150 1404 ut
2182 1366 2281 1416 per·
2302 1356 2315 1406 s

230 1430 395 1488 ficiam
419 1434 527 1480 etc„
573 1429 602 1471 i.
637 1443 675 1471 e.
721 1429 871 1473 vitam
916 1443 1116 1486 prorsus
1155 1435 1427 1484 contemno,
1473 1437 1527 1476 ut
1570 1431 1814 1489 perficiam
1859 1445 2057 1476 cursum
2103 1443 2282 1474 meum.
2300 1434 2311 1491 J
2387 1444 2390 1451 “

243 1498 571 1544 Pulcherrima
598 1512 724 1550 sane,
751 1503 798 1543 et
821 1499 1028 1552 heroica,
1048 1499 1184 1543 Pauli
1210 1500 1378 1544 sensa!
1405 1525 1460 1532 —
1502 1501 1570 1546 Er
1595 1513 1929 1547 M1N1srnan.
1953 1501 2016 1547 Et
2043 1499 2283 1558 particula

241 1570 485 1628 exegetica
509 1574 598 1621 est,
617 1584 724 1626 quae
749 1570 874 1627 sign.
900 1570 980 1615 hoc
1004 1574 1068 1615 est
1092 1570 1409 1616 ministerium
1430 1577 1518 1617 etc.
2308 1606 2310 1609 v

298 1641 371 1685 25.
398 1639 621 1683 AMPLIUs
639 1652 734 1683 NON
758 1652 996 1684 VIDEBrms
1018 1652 1195 1684 FACIEM
1217 1652 1356 1684 ΜΕΑΜ
1377 1660 1386 1686 :
1406 1642 1554 1687 verba
1579 1642 1660 1687 illa
1685 1641 1986 1695 tristissima,
2008 1656 2115 1701 quae
2151 1645 2314 1691 tanta
2390 1652 2394 1655 ’

243 1725 354 1757 cum
401 1715 507 1754 arte
554 1710 824 1765 interponit
873 1711 1156 1767 Apostolus,
1201 1711 1467 1755 maximum
1495 1712 1754 1770 quemdam
1783 1714 1835 1758 in
1857 1713 2072 1758 omnium
2113 1710 2287 1756 animis
2309 1738 2325 1767 g
2388 1727 2394 1754 -;

243 1781 466 1826 affectum
494 1794 608 1824 sane
635 1780 983 1832 excitaverunt,
1007 1781 1323 1838 omniumque
1354 1782 1499 1827 corda
1532 1783 1808 1830 vehementi
1846 1798 2027 1841 angore
2067 1781 2321 1840 profligat-‚⁷¹2
2390 1798 2396 1812 ·-

244 1859 420 1900 verunt
439 1852 518 1907 (cf.
543 1866 586 1897 v.
613 1849 701 1908 38),
736 1850 1143 1908 quemadmodum
1167 1851 1383 1895 animum
1422 1852 1632 1898 filiorum
1659 1854 1888 1900 scindunt
1935 1854 2109 1899 ultima
2129 1852 2314 1910 patris>

246 1923 500 1969 morientis
527 1922 726 1967 monita.
754 1921 884 1966 Illud
918 1928 1081 1966 autem
1107 1920 1257 1974 addit,
1280 1936 1376 1967 non
1401 1927 1457 1968 ut
1489 1923 1622 1969 aliud
1646 1924 1899 1970 fidelitatis
1920 1924 2329 1978 incitamentum„

176 1988 183 1993 ⁴
246 2000 499 2051 suggerat,
541 1992 626 2036 sed
665 1997 718 2036 ut
742 1993 954 2036 rationes
988 1991 1089 2048 jam
1138 1992 1417 2048 propositas
1442 1998 1491 2038 et
1526 2007 1634 2039 mox
1667 1993 2020 2054 proponendas,
2042 1994 2329 2054 totamquffi⁴

247 2063 637 2110 adhortationem
664 2061 881 2118 ipsorum
899 2060 1148 2106 mentibus
1174 2061 1321 2106 altius
1346 2062 1536 2120 infigat.
2298 2073 2318 2086 “⁴

311 2133 436 2179 Selo.
462 2130 682 2177 Verbum
723 2130 813 2175 scio
856 2130 1048 2175 nonnisi
1094 2130 1284 2174 firmam
1308 2131 1602 2191 plenamque
1647 2133 1784 2178 Pauli
1814 2134 2175 2192 persuasionem
2213 2123 2329 2184 Ιιὶθἱ

249 2204 445 2249 indicat.
471 2203 586 2259 Ipse
608 2201 739 2246 enim
765 2202 1027 2246 humanam
1069 2207 1259 2246 tantum
1303 2202 1652 2281 fallibilemque
1675 2219 1729 2249 ea
1765 2204 1826 2250 de
1859 2220 1910 2249 re
1949 2203 2325 2250 certitudinem?

250 2274 471 2326 habebat,
495 2286 646 2330 quum
677 2269 891 2327 Spiritus
916 2275 1114 2316 sanctus
1152 2271 1243 2316 hoc
1269 2272 1426 2316 solum
1450 2273 1495 2317 ei
1529 2274 1809 2328 revelasset,
1836 2274 2028 2319 vincula
2051 2279 2099 2318 et
2141 2270 2303 2316 tribu
2296 2282 2318 2310 -ῖ
2399 2275 2401 2278 ⁴

251 2348 453 2392 lationes
480 2359 591 2388 eum
619 2343 939 2400 Jerosolymis
984 2357 1178 2387 manere
1203 2345 1266 2398 (v.
1310 2343 1402 2398 23).
1428 2343 1688 2391 Persuasio
1723 2351 1886 2391 autem
1926 2347 2034 2399 ista,
2058 2344 2116 2389 de
2140 2341 2307 2403 morta*

252 2417 537 2474 propinqua,
572 2413 870 2490 aliquamdiu
919 2413 1149 2470 posthaec,
1189 2413 1382 2470 quando
1426 2413 1594 2460 Romae
1639 2416 1689 2460 in
1733 2416 1944 2461 vinculis
1984 2419 2103 2467 erat,
2143 2417 2263 2458 eta
2286 2471 2307 2478 ..

256 2486 596 2535 Philemonem,
611 2482 694 2540 qui
717 2481 925 2527 Colossis
952 2481 1214 2534 habitabat,
1239 2482 1499 2536 scribebat,
1520 2492 1707 2530 mutata
1717 2499 1819 2542 Jam
1841 2484 2027 2538 fuerat;
2054 2465 2315 2541 siquidem?

253 2557 370 2603 dicit
397 2554 617 2610 ‘Philem
645 2553 720 2608 22)
751 2567 800 2597 se
824 2567 1017 2610 sperare
1039 2552 1140 2597 fore
1162 2559 1216 2598 ut
1246 2553 1563 2600 Colossenses
1591 2556 1772 2600 iterum
1798 2554 1988 2608 videat;
2019 2546 2259 2614 ideoque
2243 2565 2302 2597 uz

255 2627 441 2672 Asiam·
445 2625 683 2673 Minorem
709 2622 889 2667 redeat
917 2622 1082 2668 Illud'
1072 2637 1250 2679 ipsum,
1289 2624 1557 2670 secundum
1582 2625 1955 2684 probabiliorem
1990 2615 2302 2670 sententiam

255 2697 468 2756 perfecit,
491 2700 749 2752 postquam
779 2708 804 2738 e
831 2708 1020 2738 carcere
1057 2691 1277 2739 Romano
1325 2694 1561 2741 liberatus
1606 2697 1713 2742 fuit.
1759 2695 1893 2741 Alibi
1926 2695 2072 2741 etiam
2093 2682 2295 2742 verbum

256 2769 349 2813 scio
383 2765 581 2811 adhibet
620 2764 679 2809 de
722 2764 866 2808 firma
897 2763 1045 2807 animi
1093 2762 1426 2819 persuasione,
1463 2779 1546 2809 seu
1594 2765 1653 2810 de
1687 2765 2045 2824 exspectatione
2089 2761 2281 2822 ᾳιιθᾶιι-
2307 2807 2313 2814 k

256 2838 502 2884 moraliter
518 2840 667 2887 certa,
685 2841 771 2879 aut
797 2834 855 2879 de
877 2835 1019 2892 plena
1040 2834 1246 2879 fiducia.
1280 2834 1338 2879 cf.
1366 2835 1573 2895 Philipp.
1601 2837 1642 2892 Ι,
1673 2839 1745 2890 19,
1771 2837 1846 2890 25,
1877 2836 1981 2882 coll.
2017 2835 2086 2889 II,
2110 2835 2182 2889 17,
2236 2823 2298 2867 .‘'

258 2911 501 2960 Ceterum,
525 2921 579 2951 ex
600 2905 763 2951 verbis
783 2906 893 2950 istis
915 2905 1267 2959 concludimus,
1295 2905 1474 2950 Lucam
1498 2908 1630 2953 hunc
1655 2909 1878 2954 Actorum
1899 2907 2080 2952 librum
2105 2919 2159 2951 eo
2180 2908 2250 2951 t
2243 2892 2310 2983 ιἰἰῖ»

258 2993 387 3037 pore,
413 2991 507 3035 quo
538 2976 711 3021 Paulus
745 2975 911 3020 Romae
947 2976 1161 3032 primum
1202 2976 1252 3019 in
1276 2976 1484 3021 vinculis
1525 2982 1670 3030 esset,
1706 2976 1992 3034 scripsisse:
2031 2989 2193 3021 secus

259 3048 643 3094 madversionem
668 3046 928 3104 quamdam
951 3046 1028 3090 hic
1052 3045 1325 3102 adiecisset.
1352 3045 1482 3095 Vide
1507 3061 1656 3104 supra
1678 3047 1804 3092 Intr.
1830 3062 1877 3104 p.
1900 3046 1970 3090 21.

317 3118 426 3163 NON
449 3127 938 3161 V1DEB111s...:oMNEs
961 3114 1266 3160 hebraismus
1294 3130 1380 3171 pro
1396 3130 1527 3160 ‘nemo
1550 3116 1762 3169 videbit;
1786 3115 1844 3160 cf.
1863 3127 2008 3172 supra
2055 3113 2124 3167 X,
2149 3113 2254 3161 14

261 3187 360 3234 Vos
381 3200 534 3231 OMNES
551 3199 639 3231 PER
659 3199 774 3240 Quos
795 3198 1039 3230 TRANSIVI:
1063 3184 1166 3230 haec
1182 3184 1356 3230 verba
1345 3199 1547 3230 innuere
1564 3185 1795 3231 videntur
1816 3185 2030 3231 adfuisse
2050 3183 2245 3244 episco

262 3259 336 3303 vel
361 3257 631 3303 sacerdotes
657 3271 681 3301 e
702 3256 984 3302 civitatibus
1011 3255 1206 3312 Epheso
1223 3254 1412 3300 vicinis.
1439 3254 1578 3310 Quod
1601 3261 1650 3300 et
1677 3270 1715 3299 e.
1739 3255 1867 3300 Iren.
1893 3256 2074 3311 (Gontr.
2107 3253 2262 3334 114199κῇν

264 3329 335 3381 14,
361 3327 405 3381 2)
431 3334 638 3371 testatur
662 3325 793 3369 hisce
817 3325 1001 3370 verbis:
1027 3324 1125 3368 “In
1148 3323 1316 3368 Mileto
1340 3325 1618 3369 convocatis
1638 3325 1895 3382 Episcopis
1913 3330 1962 3370 et
1983 3323 2224 3406 Presbygj«,

262 3398 397 3456 ”qui
422 3402 559 3441 erant
580 3396 639 3439 ab
666 3396 859 3452 Epheso
882 3398 923 3438 et
946 3410 977 3439 a
997 3394 1196 3452 ‘reliquis
1215 3392 1444 3450 promimis
1467 3393 1738 3439 civitatibus
1761 3394 1884 3440 etc.’

322 3467 395 3512 26.
434 3465 644 3510 Mumms
686 3478 715 3508 A
754 3477 1018 3510 SANGUINE·
1059 3464 1117 3508 cf.
1162 3462 1360 3515 XVIII,
1385 3463 1426 3507 6.
1469 3461 1609 3508 Nihil
1650 3463 1741 3509 hoe
1778 3463 2067 3517 terribilius,
2098 3427 2218 3521 tes}

263 3538 613 3620 chrysostomo
637 3534 760 3579 adh.
805 3535 834 3578 l.
862 3534 1011 3592 Ergo,
1036 3533 1262 3578 minister
1285 3546 1434 3586 sacer,
1473 3533 1559 3591 qui
1594 3533 1748 3579 officio
1781 3545 1869 3580 suo
1890 3533 2049 3589 deest.
2077 3539 2154 3613 1·θέ
2176 3526 2222 3583 'ig
2259 3590 2261 3594 Α

262 3608 530 3700 sanquinis,
553 3606 584 3651 i.
608 3619 648 3650 e.
672 3605 835 3663 coedis:
863 3616 1007 3649 causa
1028 3603 1155 3647 enim
1173 3606 1248 3648 est
1273 3615 1424 3660 quare
1450 3606 1609 3648 morte
1624 3607 1809 3648 aeterna
1829 3613 2065 3674 pereant
2165 3603 2205 3615 “
