2430 4030
251 302 351 351 76·
802 316 962 352 Ao'rus
1001 296 1396 365 ArosToLoRiJM,
1438 303 1539 366 IV,
1583 306 1725 356 1-31.

171 454 224 493 12
249 449 300 499 in
332 456 495 517 caput
523 450 715 518 anguli
747 471 756 502 :
789 453 821 490 >k
850 455 906 501 et
935 469 1044 502 non
1074 460 1160 503 est
1189 452 1243 502 in
1274 452 1381 503 alio
1409 453 1592 523 aliquo
1621 455 1786 508 saluS.
1816 455 1941 508 Nec
1963 457 2106 509 enim
2147 456 2297 508 aliud

246 549 447 584 nomen
476 538 560 584 est
588 533 691 584 sub
719 533 859 586 coelo
887 532 1077 585 datum
1106 533 1442 601 hominibus,
1473 537 1528 588 in
1559 555 1664 607 quo
1692 543 1944 608 oporteat
1980 557 2080 592 nos
2118 539 2296 591 salvos

244 615 381 666 fieri.

170 702 224 741 13
320 703 351 740 ³¹<
374 698 643 750 Videntes
672 704 857 750 autem
888 697 1039 751 Petri
1068 703 1455 765 constantiam,
1480 706 1536 753 et
1564 702 1814 769 Joannis,
1838 710 2120 775 comperto
2149 704 2295 774 quod

248 783 493 835 homines
535 789 721 836 essent
749 785 867 836 sine
896 785 1098 836 litteris
1130 791 1185 837 et
1213 786 1419 849 idiotae,
1451 786 1883 853 admirabantur,
1912 794 1967 841 et
1997 805 2295 858 cognosce-

170 868 223 906 14
246 868 380 918 bant
410 886 500 919 eos
531 868 785 936 quoniam
815 886 938 920 cum
967 870 1103 921 Jesu
1131 870 1352 922 fuerant
1383 892 1392 922 :
1426 875 1458 911 ²¹<
1487 870 1762 923 hominem
1792 890 2008 942 quoque
2045 873 2298 925 videntes

246 955 481 1001 stantem
521 969 644 1002 cum
683 952 781 1016 eie,
818 953 912 1021 qui
951 957 1172 1004 curatus
1211 954 1408 1017 fuerat,
1441 954 1577 1005 nihil
1613 959 1873 1023 poterant
1900 955 2296 1008 contradicere.

170 1031 223 1071 15
248 1037 279 1074 ²¹<
309 1034 606 1086 Jusserunt
642 1040 824 1085 autem
866 1054 958 1086 eos
994 1036 1139 1086 foras
1179 1041 1337 1087 extra
1377 1037 1671 1088 concilium
1703 1038 1894 1090 sedere
1926 1060 1936 1090 ε
1968 1044 2024 1090 et
2052 1038 2308 1090 confere-⁷

170 1119 225 1159 16
247 1116 382 1168 bant
408 1117 476 1167 ad
507 1117 760 1180 invicem,
792 1122 824 1159 >¹<
853 1118 1132 1171 dicentes:
1167 1119 1310 1183 Quid
1338 1120 1600 1172 faciemus
1630 1120 1946 1173 hominibus
1975 1121 2132 1173 istis?
2163 1137 2295 1189 quo-

247 1201 392 1252 niam
421 1200 640 1270 quidem
672 1207 861 1252 notum
893 1202 1115 1270 signum
1143 1202 1349 1254 factum
1379 1209 1463 1255 est
1492 1222 1588 1272 per
1615 1221 1727 1268 eos,
1758 1204 2013 1257 omnibus
2040 1204 2295 1257 habitan-

245 1436 496 1488 aedificare,
519 1437 754 1493 populum
789 1437 927 1482 vobis
960 1438 1273 1482 commissum
1298 1438 1346 1482 in
1371 1452 1484 1483 vero
1508 1437 1596 1482 Dei
1620 1438 1756 1483 cultu
1783 1438 2054 1491 instituere,
2083 1442 2230 1495 atque
2254 1436 2298 1482 ei

245 1507 437 1552 Messias
470 1507 733 1552 adventum
773 1512 821 1551 et
861 1514 1077 1552 sanctam
1119 1508 1222 1565 ejus
1268 1508 1539 1553 doctrinam
1572 1509 1837 1565 praedicare
1874 1515 1968 1553 etc.

303 1578 489 1622 Ficws
526 1591 606 1621 EST
645 1591 694 1621 IN
731 1590 878 1621 CAPUT
917 1590 1105 1621 ANGULI.
1145 1579 1206 1622 In
1243 1593 1299 1623 ex
1332 1578 1609 1623 hebraismo
1643 1578 1894 1623 redundat.
1934 1577 2086 1635 Caput
2117 1577 2297 1634 anyuli,

245 1650 500 1694 summitas
546 1650 728 1706 anguli,
783 1650 904 1706 lapis
950 1651 1198 1706 angularis
1244 1651 1294 1693 in
1337 1664 1528 1694 summo
1580 1650 1900 1694 fundamento
1952 1650 2157 1707 posituS,
2201 1663 2296 1706 quo

245 1722 454 1780 parietes
492 1722 587 1766 duo
627 1723 674 1775 (i.
713 1737 751 1766 e.
793 1722 999 1777 populus
1041 1723 1264 1767 hebraeus
1309 1728 1357 1766 et
1399 1721 1618 1779 gentilis)
1669 1722 2057 1779 conjunguntur,
2099 1721 2297 1779 suisque

246 1792 576 1837 fundamentis
604 1791 753 1836 solide
777 1797 1205 1848 super-struuntur.
1243 1792 1385 1848 Lapis
1422 1793 1576 1850 igitur
1609 1792 1691 1836 ille
1724 1792 1875 1836 totius
1911 1791 2099 1836 aedificii
2131 1791 2294 1849 praeci-

246 1876 372 1919 puus
395 1866 484 1913 est,
513 1866 617 1905 tum
650 1861 990 1918 magnitudine
1013 1866 1060 1906 et
1089 1862 1333 1914 firmitate,
1369 1867 1471 1907 tum
1509 1863 1598 1907 loci
1630 1877 1774 1920 quem
1809 1867 2010 1918 occupat
2045 1862 2299 1919 dignitate,

245 1936 352 1975 tum
376 1931 582 1988 denique
606 1930 776 1975 stricta
803 1931 902 1988 ejus
925 1932 1229 1976 necessitate.
1267 1932 1344 1975 Ita
1376 1931 1600 1977 Christus
1623 1932 1671 1976 in
1696 1932 1911 1976 Ecclesia
1945 1933 2128 1989 primus
2153 1936 2227 1975 est
2252 1937 2300 1975 et

245 2002 487 2059 princeps,
526 2001 780 2058 magisque
819 2002 1035 2046 omnium
1075 2003 1410 2055 necessarius;
1459 2003 1563 2060 ipse
1588 2003 1753 2047 etiam
1801 2004 2020 2060 singulas
2066 2002 2296 2046 Ecclesiae

246 2077 410 2128 partes
457 2073 699 2116 connectit
743 2076 791 2116 et
832 2072 893 2116 ad
933 2073 1170 2116 unitatem
1220 2072 1439 2124 reducit;
1489 2073 1728 2130 imprimis
1779 2087 1835 2118 ex
1878 2073 2061 2129 duplici
2102 2071 2296 2129 populo,

247 2141 530 2185 Judaeorum
565 2146 613 2185 et
645 2142 919 2198 gentilium,
954 2156 1106 2186 unum
1140 2142 1367 2187 conflavit
1401 2147 1448 2186 et
1481 2142 1637 2187 effecit
1677 2143 1911 2200 populum
1953 2142 2292 2186 christianum.
2359 2134 2368 2142 ”

249 2211 321 2254 Of.
361 2211 536 2267 Ephes.
568 2211 636 2261 II,
672 2211 743 2255 20.
775 2211 919 2255 Fides
954 2211 1001 2254 in
1038 2211 1291 2256 Christum
1326 2218 1588 2256 venturum
1621 2214 1781 2256 anima
1814 2218 1889 2256 est
1922 2212 2097 2256 veteris
2132 2211 2296 2255 Testa·

246 2282 397 2325 menti
430 2285 477 2325 et
508 2281 560 2324 in
593 2295 717 2326 novo
749 2280 1061 2326 Testamento
1095 2281 1212 2325 fides
1246 2282 1294 2324 in
1331 2281 1583 2326 Christum
1618 2287 1788 2327 natum
1815 2283 1873 2326 de
1895 2282 2050 2326 Maria
2074 2282 2299 2338 Virgine,

246 2366 460 2409 passum,
506 2357 754 2396 mortuum
797 2357 846 2395 et
890 2351 950 2395 ad
1001 2352 1153 2396 vitam
1198 2366 1471 2404 reversum,
1516 2352 1888 2397 funda-mentum
1933 2358 2022 2405 est,
2070 2352 2206 2396 radix
2249 2356 2298 2396 et

245 2421 537 2479 principium
569 2421 934 2478 justificationis
978 2421 1193 2479 vitaeque
1233 2422 1634 2477 supernaturalis.
1683 2421 1909 2466 Christus
1955 2427 2179 2466 centrum
2220 2426 2295 2465 est

247 2492 479 2542 historiae,
514 2506 682 2536 saxum
712 2490 924 2535 medium
961 2505 1056 2548 quo
1089 2491 1245 2535 fornix
1283 2492 1452 2548 templi
1491 2496 1579 2548 (sc.
1620 2491 1788 2536 mundi
1819 2493 1989 2548 creati)
2024 2492 2296 2548 colligatur.

309 2564 379 2607 12.
424 2561 530 2606 Nnc
568 2575 709 2606 ALIUD
749 2574 915 2605 NOMEN
949 2574 1071 2605 EST...
1106 2574 1271 2605 DATUM
1313 2574 1592 2607 HOMIMBUS.
1633 2563 1828 2616 Nomen,
1866 2578 1954 2620 pro
1991 2577 2201 2620 persona,
2243 2568 2296 2606 ut

248 2633 431 2691 passim
463 2631 591 2684 alibi,
624 2647 663 2676 v.
699 2646 771 2688 gr.
805 2646 950 2688 supra
984 2631 1053 2683 ΙΙ,
1087 2633 1157 2675 21.
1196 2631 1378 2676 Sensus
1401 2639 1509 2676 est:
1534 2647 1630 2678 non
1654 2634 1803 2677 alium
1835 2633 1974 2678 nobis
2008 2634 2140 2677 dedit
2163 2633 2295 2677 Deus

250 2704 566 2750 Salvatorem.
606 2702 671 2746 Et
710 2717 761 2747 re
797 2702 994 2760 quidem
1032 2717 1160 2754 vera,
1201 2703 1305 2747 sine
1346 2702 1556 2756 Christo,
1597 2704 1700 2761 ejus
1739 2705 1946 2757 meritis,
1986 2705 2149 2749 salvus
2189 2704 2295 2747 fieri

247 2790 388 2821 nemo
409 2778 586 2831 potest,
607 2773 832 2818 videlicet
854 2773 905 2816 in
927 2773 1162 2830 praesenti
1195 2787 1359 2816 rerum
1396 2774 1563 2818 ordine
1597 2774 1841 2832 (potuisset
1873 2775 2084 2832 quidem,
2118 2775 2156 2818 si
2192 2774 2294 2819 Deo

247 2844 508 2902 placuisset
541 2843 635 2887 alio
669 2843 810 2888 modo
845 2843 1082 2887 redimere
1114 2842 1386 2898 mundum).
1425 2843 1544 2887 Inde
1579 2858 1885 2901 nequaquam
1930 2845 2154 2903 sequitur
2192 2844 2295 2888 sine

244 2919 337 2963 fide
362 2916 578 2975 explicita
602 2917 652 2959 in
675 2915 871 2960 Christo
896 2915 1139 2959 neminem
1164 2929 1304 2972 posse
1327 2915 1533 2959 salutern
1557 2922 1786 2961 aeternam
1813 2918 2056 2975 consequi.
2081 2917 2297 2973 Quaestio

243 2989 346 3033 haec
379 2987 508 3045 apud
541 2986 793 3043 theologos
830 2986 1132 3042 dogmaticos
1178 2985 1342 3029 dedita
1382 3000 1526 3040 opera
1565 2992 1820 3031 tractatur.

300 3060 374 3103 13.
418 3058 657 3103 Mirabilis
714 3058 845 3102 Petri
890 3058 939 3100 in
985 3056 1226 3114 loquendo
1284 3057 1612 3114 intrepiditas,
1664 3072 1771 3115 quae
1824 3059 2056 3115 ipsosmet
2107 3057 2292 3115 judices

242 3129 476 3177 attonitos
515 3128 689 3179 reddit,
727 3128 1059 3185 virtutemque
1097 3142 1213 3173 vere>
1248 3127 1463 3171 divinam
1499 3127 1819 3172 demonstrat.
1856 3129 2103 3174 Vmssmsss
2151 3129 2294 3173 PETRI
2427 3170 2430 3172 .

245 3211 568 3244 consummar
608 3217 616 3240 :
657 3216 898 3253 παρρησιαν,
940 3197 992 3241 in
1029 3197 1223 3241 dicendo
1264 3196 1535 3241 libertatem.
1586 3197 1702 3242 SINE
1746 3211 1927 3242 Li'rsms
1971 3217 1977 3243 :
2019 3217 2290 3254 αγραμματοι,
2422 3195 2430 3255 ξ

243 3269 448 3320 indocti3
486 3283 584 3312 non
620 3274 811 3324 oportet
852 3268 1124 3312 necessario
1165 3267 1438 3324 intelligere
1477 3267 1535 3311 de
1577 3268 1635 3311 iis
1675 3268 1758 3325 qui
1798 3284 1858 3312 ne
1901 3270 2058 3326 legere
2095 3269 2291 3326 quidem

244 3346 468 3396 possunt,
514 3338 596 3394 qui
639 3338 804 3382 literas
847 3352 942 3382 non
988 3338 1162 3381 sciunt.
1211 3337 1391 3381 ImorAE
1430 3355 1440 3380 ε
1483 3342 1642 3380 ιδιωται
1675 3337 1822 3393 (ιδιος),
1859 3339 2080 3383 homines
2114 3338 2293 3396 privati

245 3409 438 3465 (oppon.
476 3407 883 3464 magistratibus),
924 3407 1036 3451 inde
1072 3406 1240 3463 plebeii
1275 3410 1469 3464 (oppon.
1502 3407 1857 3462 nobilioribus),
1900 3413 1954 3453 ut
1991 3408 2081 3453 hic.
2123 3431 2176 3438 —
2220 3406 2291 3451 Εἰ·
2415 3420 2430 3463 ,¹

245 3490 655 3524 coenoscuBAN'r...
692 3490 922 3529 FUERANT,
956 3479 1094 3534 quasi
1130 3477 1256 3522 inter
1287 3477 1617 3533 parenthesim
1650 3484 1914 3535 ponuntur.
2410 3482 2414 3484 ’

306 3547 377 3592 16.
416 3546 526 3591 Non
561 3559 793 3591 PossUMUs
831 3561 1036 3602 NEGARE,
1077 3554 1126 3594 et
1161 3547 1356 3592 credere
1387 3553 1551 3593 tamen
1582 3548 1785 3594 nolunt!
1824 3549 1969 3594 Fides
2009 3549 2138 3594 enim
2172 3553 2288 3593 ante

246 3617 407 3664 omnia
442 3624 580 3662 actus
621 3622 696 3662 est
735 3617 1021 3662 voluntatis.
