2430 4030
232 483 287 524 29
311 472 595 530 terrarum,
641 483 761 535 quae
798 465 943 517 facta
990 469 1074 516 est
1120 464 1221 516 sub
1273 463 1518 518 Claudio.
1561 469 1594 506 ²¹<
1638 465 1908 535 Discipuli
1947 470 2150 530 autem,
2187 467 2428 535 prout

232 647 285 687 30
310 632 687 685 habitantibus
716 633 770 683 in
799 631 996 683 Judaea
1034 630 1300 682 fratribus
1341 651 1351 684 z
1395 635 1428 672 *
1471 631 1620 701 quod
1660 637 1716 683 et
1757 632 2028 696 fecerunt,
2067 630 2354 684 mittentes
2394 666 2399 687 ,-

316 239 416 290 140
867 247 1029 285 Ac'rus
1069 246 1465 296 APOSTOLORUM,
1505 248 1614 285 cAP.
1658 231 1792 286 XII.

311 385 472 438 cabat
524 401 620 454 per
673 382 927 452 spiritum
980 383 1159 434 famen
1215 400 1473 451 magnam
1525 383 1765 435 futuram
1812 383 1868 435 in
1913 384 2168 436 universo
2215 383 2426 437 orbe-1

308 550 430 620 quis
495 549 754 610 habebat,
819 552 1228 616 proposuerunt
1293 548 1502 616 singuli
1565 548 1624 599 in
1690 548 2061 600 ministerium
2133 549 2372 601 mittere?

308 715 378 768 ad
409 716 654 768 seniores
690 733 788 784 per
830 731 1024 766 manus
1069 714 1356 779 Barnabae,
1401 718 1457 766 et
1508 713 1680 767 Sauli.

308 897 335 965 ξ
384 895 467 946 13.
507 893 734 946 Jacobus
773 891 1032 944 occiditur
1053 913 1070 954 ;
1118 891 1310 944 Petrus
1349 893 1409 944 in
1453 911 1709 944 carcerem
1751 891 2009 960 conjectus
2053 909 2145 961 per
2189 890 2353 943 mira·-
2400 939 2406 949 ,.

453 980 628 1032 culum
669 979 975 1039 liberatur5
1021 997 1161 1030 ‘mors
1205 978 1432 1030 Herodis
1464 979 1821 1048 persecutoris
1865 1000 1879 1030 .·
1923 994 2034 1031 οΑΡ.
2076 978 2211 1030 XII.

383 1115 776 1171 Szcmmarimn.
822 1114 1091 1178 Herodes„
1132 1116 1313 1167 occiso
1354 1115 1564 1167 Jacobo
1599 1115 1671 1182 (l,
1703 1115 1779 1183 2),
1812 1115 2037 1167 Petrum
2078 1115 2135 1165 in
2174 1129 2353 1166 carce·
2411 1132 2422 1153 1

309 1219 424 1254 rem
465 1200 728 1264 detrudit,
770 1217 959 1250 necem
1001 1198 1050 1249 ei
1090 1216 1306 1267 quoque
1346 1199 1630 1250 intentans
1675 1199 1747 1266 (3,
1790 1199 1868 1266 4).
1913 1198 2019 1250 Sed
2063 1197 2149 1249 hic
2188 1203 2419 1262 noctu

309 1302 408 1353 per
462 1282 738 1351 angelum,
793 1280 981 1332 insciis
1045 1280 1389 1344 custodibus,
1444 1281 1711 1333 liberatur
1769 1280 1971 1348 (5-11),
2024 1285 2082 1332 et
2134 1279 2354 1332 domum
2402 1291 2417 1300 ’

309 1366 452 1435 petit
490 1365 546 1416 in
588 1383 694 1434 qua
733 1364 924 1415 fideles
965 1363 1033 1414 ad
1072 1380 1263 1426 preces
1305 1370 1526 1415 sanctas
1565 1381 1667 1432 pro
1709 1364 1874 1415 Petro
1906 1363 2021 1414 Deo
2051 1361 2398 1414 offerendas.th

310 1448 638 1517 congregati
703 1451 878 1509 erant,
947 1445 1121 1514 iisque
1187 1463 1339 1496 suam
1405 1450 1591 1497 narrat
1655 1445 2041 1498 liberationem
2116 1443 2355 1513 (12-1'7).

312 1529 564 1583 Herodes
610 1534 792 1581 autem
830 1527 991 1597 jubet
1035 1528 1311 1591 custodes,
1362 1528 1520 1597 quasi
1572 1528 1935 1597 negligentiae
1986 1545 2129 1591 reos,
2185 1529 2404 1582 morte

311 1616 449 1668 affici
497 1614 771 1682 (18-19a);
820 1613 1019 1664 deinde
1062 1612 1366 1666 Caesaream
1407 1614 1618 1678 abienS,
1662 1613 1909 1666 divinum
1952 1613 2214 1665 honorem
2255 1611 2362 1664 sibi
2403 1603 2425 1659 ⁵.

311 1718 341 1750 a
391 1698 593 1768 populo
645 1696 956 1748 exhibitum
1008 1696 1177 1766 impie
1233 1697 1437 1765 accipit
1496 1694 1778 1764 (19b-22);
1836 1696 1960 1748 ideo
2025 1696 2094 1747 ab
2158 1693 2359 1764 angelo

313 1799 621 1851 percussuS,
655 1784 1013 1848 consumptus
1042 1780 1320 1832 vermibus
1349 1781 1566 1850 expirat
1598 1779 1733 1849 (23).
1763 1780 2028 1832 Ecclesiae
2055 1780 2358 1832 incremen-
2412 1823 2413 1826 ,

312 1872 431 1917 tum
482 1865 617 1932 (24).
668 1864 951 1916 Barnabas
995 1869 1051 1916 et
1101 1864 1299 1917 Saulus
1351 1864 1704 1916 Antiochiam
1752 1864 1987 1916 redeunt
2035 1863 2172 1931 (25).

388 1995 420 2031 >¹<
449 1989 657 2042 Eodem
685 1994 868 2042 autem
891 1995 1138 2059 tempore
1168 1990 1322 2042 misit
1351 1989 1603 2043 Herodes
1630 2009 1729 2044 rex
1758 2008 1971 2056 manus,
2000 1995 2062 2043 ut
2090 1988 2357 2059 affligeret
2399 2007 2404 2009 ’

375 2200 444 2244 29.
481 2199 635 2244 Pnom
668 2211 772 2252 Qms
803 2211 1050 2245 HABEBAT:
1089 2207 1217 2245 καθως
1255 2219 1463 2256 ηυπορειτο
1499 2219 1572 2254 τις,
1611 2199 1785 2246 horum
1821 2199 1917 2246 vim
1948 2198 2207 2245 verborum
2231 2199 2361 2243 recte
2399 2192 2415 2223 ’“’

314 2269 540 2326 exprimit
575 2268 777 2313 Beelen
819 2268 886 2323 (in
930 2268 1114 2315 Oomm.
1154 2271 1277 2324 suo),
1317 2270 1570 2316 flandrice:
1613 2283 1735 2315 naar
1773 2272 1894 2314 mate
1930 2268 2012 2314 dat
2047 2263 2236 2313 iemand
2279 2264 2363 2312 wel
2403 2312 2415 2328 ,¹

314 2335 567 2384 bemiddezd
595 2352 706 2383 was.

374 2409 446 2454 30.
482 2407 731 2460 Snmomzs,
767 2425 856 2452 τους
895 2414 1197 2464 πρεσβυτερους,
1237 2423 1301 2454 sc.
1341 2408 1793 2466 Jerosolymitanos,
1834 2421 2041 2466 namque
2072 2420 2131 2452 ex
2161 2404 2282 2460 XII,
2306 2400 2413 2450 25

315 2476 469 2535 liquet
494 2477 766 2522 Barnabam
798 2483 846 2522 et
881 2476 1081 2521 Saulum
1118 2477 1509 2535 Hierosolymam
1540 2478 1703 2524 ivisse.
1745 2477 1817 2522 De
1850 2476 2124 2522 senioribus
2148 2475 2255 2522 istis
2277 2474 2362 2520 ite·
2378 2479 2410 2519 ’ἰ

316 2560 426 2590 rum
448 2546 629 2591 mentio
652 2545 706 2589 fit
731 2545 842 2599 XV,
869 2545 909 2589 2.
937 2545 1097 2604 Igitur
1121 2547 1291 2604 primis
1314 2547 1528 2592 ecclesiis
1546 2547 1648 2604 jam
1683 2546 1755 2591 sui
1791 2551 1928 2591 erant
1958 2545 2228 2604 presbyteri,
2258 2543 2289 2589 i.
2321 2539 2413 2603 es]-

315 2617 527 2661 ministri
553 2615 747 2674 quidam
771 2616 893 2660 sacri
918 2616 1026 2669 istis
1051 2618 1477 2662 communitatibus
1503 2618 1562 2662 ab
1588 2617 1837 2675 Apostolis
1862 2616 2094 2674 praefecti,
2115 2616 2410 2674 tamquam-“j

316 2691 545 2739 rectores,
567 2686 800 2737 doctores„
826 2686 1269 2744 mysteriorumque
1295 2687 1669 2744 dispensatores.
1705 2687 1777 2731 De
1802 2694 2078 2743 πρεσὲυτεροις
2103 2695 2383 2742 eorumque,

317 2770 424 2801 cum
452 2775 681 2801 επισκοποις
705 2756 1014 2808 connexione,
1037 2757 1215 2801 videsis
1242 2757 1293 2800 in
1315 2757 1521 2815 Append.
1546 2757 1643 2814 huj.
1669 2772 1742 2814 op.
1771 2758 1978 2802 Dissert.
2004 2757 2076 2802 7¹¹³.
2386 2755 2396 2765 “

377 2827 416 2870 1.
455 2826 595 2872 Nova
626 2826 727 2884 jam
760 2827 917 2872 oritur
951 2827 1239 2884 persecutio,
1274 2841 1387 2880 non,
1420 2833 1476 2872 ut
1507 2833 1662 2881 antea,
1696 2843 1724 2872 a
1755 2827 1984 2885 synedrio
2015 2826 2094 2872 vel
2125 2839 2153 2870 a
2185 2823 2362 2882 populo
2378 2818 2407 2878 ⁴j

317 2897 348 2942 J
353 2897 488 2943 udaeo
512 2897 727 2950 excitata,
752 2898 837 2942 sed
864 2898 922 2942 ab
949 2898 1055 2954 ipso
1088 2913 1217 2956 rege,
1249 2904 1397 2956 atque
1427 2898 1545 2944 adeo
1568 2913 1595 2943 a
1619 2903 1862 2955 potestate
1895 2898 1976 2942 illa
2009 2910 2251 2954 suprema,
2282 2892 2387 2960 oui,

316 2980 402 3023 per
424 2966 667 3012 Romanos
691 2980 973 3012 concessum
998 2973 1100 3012 erat
1116 2967 1198 3024 jus
1223 2966 1371 3022 gladii
1400 2966 1539 3022 (illud
1573 2967 1702 3012 enim
1737 2967 1768 3012 J
1773 2967 1928 3012 udaeis
1952 2967 2066 3011 olim
2082 2965 2184 3024 jam
2205 2965 2401 3025 fuerat*

316 3043 552 3095 ereptum,
590 3037 728 3082 Joan.
761 3037 957 3090 XVIII,
991 3037 1084 3091 31).
1135 3037 1237 3082 Iste
1283 3042 1447 3082 autem
1485 3051 1567 3082 rex
1610 3037 1844 3083 adversus
1892 3035 2183 3081 christianos
2228 3032 2389 3088 ἰατὴρ,-

317 3120 415 3151 non
441 3121 464 3151 e
490 3107 652 3152 studio
690 3107 814 3165 legis
835 3108 912 3153 vel
937 3107 1205 3164 religionis,
1239 3107 1324 3151 sed
1349 3107 1410 3152 ob
1432 3121 1626 3152 causam
1651 3107 1911 3164 politicam,
1948 3111 2001 3151 ut
2057 3103 2236 3162 populo
2265 3102 2378 3167 plo-'3

318 3179 437 3220 ceat.
455 3175 640 3222 Verum
663 3176 816 3230 Deus,
837 3182 946 3233 post
963 3177 1173 3222 occisum
1196 3190 1348 3220 unum
1373 3191 1428 3221 ex
1446 3175 1714 3233 Apostolis,
1736 3190 1845 3220 mox
1870 3174 2102 3228 ostendit,
2129 3187 2215 3232 per
2233 3167 2337 3220 Pet¹

318 3242 649 3290 liberationem
689 3246 912 3303 regisque
944 3260 1152 3303 poenam,
1188 3245 1302 3290 hinc
1339 3245 1536 3302 quidem
1576 3244 1809 3301 potestati
1847 3258 1950 3289 suae
1985 3243 2144 3289 omnia
2177 3239 2376 3298 subji'

319 3311 452 3356 illinc
483 3327 598 3357 vero
630 3328 680 3358 se
713 3318 922 3359 tutorem
947 3330 1053 3360 esse
1083 3329 1137 3360 ac
1167 3314 1409 3360 vindicem
1443 3314 1686 3359 Ecclesiae
1721 3314 1800 3359 Ita
1833 3307 2065 3370 praeclare
2090 3311 2334 3390 Βίεξήηε-’ῖ
2317 3302 2366 3343 “-”·”’

379 3381 552 3427 EODEM
581 3395 830 3429 TEMPORE:
863 3399 1020 3441 graece
1053 3385 1177 3430 circa
1209 3384 1330 3430 illud
1361 3387 1550 3442 tempus.
1585 3383 1768 3429 Eodem
1803 3388 2034 3441 tempore,
2068 3386 2124 3428 ut

321 3465 416 3510 quo
454 3451 700 3497 Barnabas
725 3458 773 3498 et
800 3452 977 3499 Saulus
1015 3451 1290 3500 Antiochiae
1316 3453 1688 3499 ministrabant.
1725 3453 1845 3498 adeo
1881 3458 1937 3499 ut
1975 3452 2094 3504 XII,
2131 3450 2188 3496 25
2210 3455 2366 3515 sa

320 3519 570 3575 factorum,
603 3535 688 3578 per
720 3521 840 3576 XII,
875 3523 918 3566 1·
923 3523 980 3566 24
1012 3523 1295 3580 interrupta,
1329 3526 1645 3570 connectatur
1675 3536 1784 3570 cum
1816 3522 1923 3578 XI,
1942 3522 2014 3568 30
2049 3519 2227 3598 Igitur}
2256 3514 2358 3570 cij-f·

2131 3823 2136 3828 -
2148 3807 2203 3843 ,2⁴23-
2225 3813 2279 3843 .....
