2430 4030
260 266 363 317 302
684 279 1024 315 Dissna'rA'rio
1062 281 1161 315 viu
1199 281 1255 315 m
1294 280 1457 316 Ac'rus
1493 279 1887 317 Aros'roLossun.

257 416 412 463 catur
439 411 592 479 (gall.
620 429 723 462 une
751 411 1217 481 &hildepratiqueb
1240 417 1405 482 atque
1431 411 1567 463 adeo
1595 411 1664 463 ad
1691 412 1886 464 animae
1914 412 2148 463 salutem
2175 413 2312 464 utile

257 495 329 546 sit
354 493 533 546 :nuda
561 494 790 545 scientia
818 500 912 545 aut
941 495 1214 546 abstracta
1243 494 1574 564 disquisiti0‚
1603 512 1725 564 quae
1753 501 1938 546 mente
1965 495 2080 546 sola
2105 495 2168 546 fit
2195 495 2312 547 sine

257 577 366 629 ullo
395 577 577 628 cordis
607 582 779 639 motu,
810 578 1032 647 plenum
1064 595 1284 630 sensum
1317 578 1469 631 verbi
1508 578 1627 642 Dei,
1668 578 1813 648 quod
1854 578 1995 647 iynis
2035 583 2121 630 est
2158 596 2312 648 aeque

253 679 315 712 ac
338 661 448 724 lum,
471 664 621 712 recte
643 661 863 730 assequi
887 662 1085 730 nequit
1095 683 1110 726 3
1138 663 1494 731 quamobrem
1517 662 1942 713 exercitationes
1964 661 2311 730 philologicae

254 749 348 795 aut
392 743 615 808 criticae,
662 744 766 795 etsi
809 761 1025 813 semper
1070 743 1473 813 praemittendae
1517 744 1648 808 sint,
1692 744 1876 812 ipsum
1917 761 1962 795 s,
2012 743 2310 811 Scripturae

257 826 500 879 studium
531 844 874 896 nequaquam
903 827 1255 878 constituunt
1286 848 1295 878 ε
1329 827 1515 895 potius
1554 825 1823 878 habendae
1860 831 1990 878 sunt
2030 830 2307 894 tamquam

255 911 580 980 prooemium
622 911 897 980 quoddam
938 930 1033 963 seu
1074 911 1425 980 principium,
1456 928 1563 981 quo
1605 911 1690 962 via
1729 911 1974 979 aperitur
2015 909 2084 960 ad
2124 927 2309 961 veram

253 995 680 1064 intelligentiam
728 995 1089 1065 altioremque
1135 995 1533 1046 scrutationem
1582 994 1896 1046 divinorum
1944 993 2304 1063 eloquiorum.

257 1080 499 1132 Scientia
528 1081 674 1131 enim
702 1098 871 1132 sacrae
904 1080 1204 1148 Scripturae
1233 1099 1262 1130 a
1291 1079 1489 1130 studiis
1530 1079 1773 1148 profanis
1803 1084 1920 1131 toto
1951 1080 2087 1131 coelo
2117 1078 2306 1141 distat,

255 1164 523 1233 siquidem
567 1165 692 1216 libri
732 1165 904 1217 divini
946 1165 1140 1216 eodem
1181 1165 1398 1233 spiritu,
1432 1183 1538 1234 quo
1579 1165 1771 1234 scripti
1811 1166 2053 1226 fuerunt,
2086 1163 2308 1233 legendi

254 1254 382 1298 sunt
425 1253 589 1316 atque
638 1247 1018 1316 intelligendi3
1066 1248 1311 1316 adeoque
1357 1248 1411 1296 in
1458 1247 1729 1316 triplicem
1778 1249 1944 1298 finem
1989 1248 2143 1298 illum
2190 1267 2200 1297 z
2247 1252 2307 1297 ut

254 1330 503 1381 doctrina
551 1331 820 1382 divinitus
867 1331 1110 1383 revelata
1156 1335 1501 1398 coynoscatur
1554 1331 1833 1396 (nimirum
1882 1331 1926 1381 le
1955 1330 2097 1398 fond
2142 1329 2203 1380 de
2251 1329 2307 1379 Za,

253 1413 503 1478 doctrine,
528 1414 706 1483 plut&
735 1434 832 1483 que
863 1415 950 1466 des
978 1433 1283 1483 remarqucs
1311 1414 1372 1464 de
1401 1414 1567 1464 detail
1607 1419 1653 1464 et
1697 1414 1783 1464 des
1812 1415 2102 1465 recherches
2129 1432 2221 1464 sur
2252 1413 2307 1462 la

239 1497 461 1564 forme),
494 1506 551 1550 ut
579 1498 767 1549 eadem
799 1503 1007 1549 ametur
1036 1517 1103 1549 ex
1132 1499 1313 1560 corde,
1339 1504 1411 1561 et,
1437 1498 1584 1566 quod
1614 1505 1778 1565 caput
1807 1498 1884 1548 rei
1914 1504 2015 1561 est,
2046 1496 2304 1565 operibus

254 1581 586 1648 pevficiatur.

328 1663 484 1727 Quod
526 1665 744 1734 quidem
788 1666 832 1715 si
873 1665 1078 1715 alumni
1119 1666 1239 1727 mei,
1273 1665 1472 1733 aliique
1513 1665 1823 1716 sacerdotes
1864 1664 2092 1733 hujusce
2132 1663 2303 1714 libelli

254 1747 501 1810 lectores,
531 1748 827 1815 diligenter
856 1748 1116 1816 consequi
1146 1755 1432 1811 conentur,
1462 1748 1604 1799 votis
1647 1749 1780 1799 meis
1821 1747 2164 1798 satisfactum
2195 1746 2301 1796 erit

253 1829 523 1882 omnibus.
568 1830 815 1900 Eumque
856 1832 910 1881 in
950 1831 1134 1893 finem,
1178 1839 1235 1882 ut
1283 1831 1426 1882 Deus
1469 1831 1722 1899 Optimus
1768 1830 2039 1882 Maximus
2078 1830 2300 1897 scriptis

254 1911 386 1963 meis
418 1913 645 1964 tantillis
676 1913 998 1964 benedicere
1027 1933 1232 1983 suaque
1263 1912 1449 1965 Gratia
1477 1915 1554 1964 eis
1581 1913 1772 1965 adesse
1802 1913 2079 1982 dignetur,
2111 1929 2302 1979 precor

259 1993 582 2048 humillime.

774 2231 956 2281 OMNIA
996 2246 1063 2280 AD
1103 2246 1350 2281 MAJOREM
1398 2230 1499 2280 DEI
1539 2244 1792 2279 GLORIAM.

1141 2918 1411 2964 FINIS.
