2430 4030
30 519 32 521 v
0 411 30 446 ξ’
0 249 34 390 vnvm!
9 147 26 203 -3

1056 322 1324 358 atumem.
2129 313 2193 363 13

103 443 105 446 .
166 454 342 526 jubet.
386 483 451 494 —
494 453 623 524 Gap.
665 453 819 505 XXI.
862 454 1067 506 Itinere
1094 455 1364 506 maritimo
1395 455 1823 524 Hierosolymam
1851 457 2007 525 petit,
2035 463 2196 527 atque

171 539 248 590 ita
287 536 543 607 periculis
590 545 645 587 et
689 536 842 587 malis
888 536 1030 587 ultro
1078 535 1294 587 obviam
1337 537 1535 604 pergit.
1577 523 1655 588 Et
1694 555 1750 588 re
1793 537 2010 606 quidem
2053 555 2195 600 vera,

32 605 38 620 ’
103 643 105 645 ·
169 620 251 674 ibi
311 639 344 671 a
398 618 609 672 «Iudaeis
667 618 1168 686 comprehenditur,
1234 619 1550 688 catenisque
1614 626 1840 671 onustus
1901 620 1956 670 in
2021 637 2196 670 arcem

171 703 407 756 ducitur.
470 731 528 739 —
587 701 718 769 Cap.
773 700 960 752 XXII.
1021 701 1104 751 Ad
1159 701 1468 769 ingressum
1531 702 1670 753 arcis
1725 702 2009 770 populares
2073 719 2196 753 suos

170 788 471 856 alloquenS,
537 786 947 837 conversionem
1019 803 1168 835 suam
1236 785 1327 836 vix
1392 790 1719 847 narraverat,
1798 803 1961 853 quum
2028 785 2200 837 turbae

171 870 558 924 vociferatione
623 867 959 935 impeditur,
1019 868 1312 936 flagrorum
1378 886 1505 920 vero
1572 868 1896 936 supplicium
1949 873 2009 919 ut
2059 887 2088 918 a
2144 884 2199 917 se

173 959 404 1016 avertat,
447 953 621 1004 civem
667 950 971 1001 Romanum
1017 969 1073 1001 se
1122 951 1424 1018 profitetur.
1471 980 1537 988 --
1584 950 1712 1018 Cap.
1753 949 1969 1001 XXIII.
2015 949 2201 1001 Coram

177 1036 445 1106 Synedrio
487 1041 655 1096 stans,
697 1033 906 1083 callidis
948 1033 1130 1083 verbis
1163 1033 1375 1100 judices
1414 1033 1556 1083 inter
1598 1051 1653 1083 se
1695 1032 1888 1084 dividit
1929 1053 1938 1083 :
1981 1032 2093 1093 sed,
2135 1050 2200 1082 ne

177 1137 274 1188 per
318 1118 546 1170 insidias
593 1116 891 1177 occidatur,
941 1114 1239 1166 Caesaream
1285 1114 1354 1164 ad
1397 1115 1629 1165 Felicem
1673 1115 1924 1164 mittitur.
1967 1142 2029 1151 ——
2073 1113 2203 1181 Cap.

178 1201 389 1253 XXIV.
441 1199 603 1269 Apud
649 1199 791 1249 hunc
833 1216 1048 1248 causam
1093 1215 1239 1247 suam
1282 1197 1455 1247 victor
1494 1201 1752 1264 perorat3
1794 1213 1890 1263 per
1927 1195 2203 1246 biennium

113 1287 115 1290 ⁴
181 1293 363 1338 tamen
392 1285 446 1335 in
478 1283 708 1335 vinculis
739 1281 1035 1333 detinetur.
1081 1310 1143 1317 —
1187 1279 1318 1347 Cap.
1360 1279 1534 1330 XXV.
1580 1278 1766 1330 Coram
1799 1279 1981 1340 Festo,
2011 1278 2204 1328 Felicis

27 2403 30 2408 .
12 2362 26 2387 '⁴‘
0 2063 47 2346 ⁴ffv*l·-3'W“''f-Jffe
17 1978 38 2049 uon--

97 3434 144 3450 vm

102 3452 150 3494 ἦ

207 3525 387 3561 rerum
419 3517 835 3576 temporumque
863 3494 1154 3565 adjunctis,
1195 3498 1288 3541 aut
1315 3486 1470 3548 dixit,
1511 3488 1603 3533 aut
1631 3479 1772 3541 fecit,
1820 3483 1909 3542 aut
1948 3493 2225 3544 perpessus

119 3574 138 3586 ¹,
157 3578 161 3579 ⁷

110 3599 194 3665 -ἷιλέ
206 3602 316 3665 est.

181 1386 512 1430 successore,
541 1371 918 1418 accusatorum
959 1362 1235 1413 audaciam
1278 1363 1472 1412 iterum
1502 1361 1748 1430 frangit3
1790 1368 1862 1423 et,
1903 1380 1970 1411 ne
2012 1361 2203 1410 Hiero-

181 1452 404 1520 solymis
432 1450 723 1518 judicetur‚
759 1447 1028 1498 Caesarem
1069 1445 1326 1513 appellat.
1371 1445 1595 1494 Interim
1643 1444 1885 1511 Agrippa
1911 1461 2004 1493 rex
2033 1443 2204 1510 ipsum

181 1535 369 1585 audire
416 1533 586 1602 cupit.
635 1559 699 1567 -—
751 1529 883 1598 Cap.
933 1527 1143 1578 XXVI.
1191 1527 1516 1594 Apologiam
1565 1544 1730 1586 suam,
1772 1525 1955 1575 eadem
1999 1542 2208 1592 semper

181 1616 510 1686 eloquentiae
564 1614 614 1665 vi
667 1613 934 1674 adhibita,
985 1611 1163 1660 denuo
1216 1617 1459 1660 renovat.
1512 1637 1574 1647 —
1626 1608 1753 1675 Cap.
1807 1607 2047 1658 XXVII.
2105 1606 2210 1657 Sed

176 1701 290 1769 jam
354 1700 423 1750 ad
490 1696 846 1765 Imperatoris
912 1693 1152 1745 tribunal
1210 1710 1505 1760 provocare
1569 1692 1799 1759 cogitur,
1866 1698 2028 1759 atque
2090 1689 2210 1741 ideo

185 1783 412 1834 Romam
459 1782 538 1831 ire
579 1779 822 1848 jubetur.
874 1776 1165 1826 Laboriosa
1211 1775 1507 1842 navigatio,
1558 1780 1851 1841 tempestas
1898 1773 2208 1834 saevissima,

186 1851 241 1919 et·
288 1865 651 1932 naufragium.
708 1893 768 1898 —
816 1860 945 1929 Gap.
994 1858 1266 1910 XXVIII.
1317 1858 1376 1907 [n
1421 1857 1597 1908 insula
1641 1857 1843 1919 Melita,
1885 1875 1988 1925 quo
2036 1864 2211 1909 nautae

187 1957 547 2018 vectoresque
618 1945 948 2012 perveniunt
1002 1942 1314 2003 incolumes,
1390 1940 1602 2001 Paulus,
1673 1957 1878 1989 morsus
1930 1959 1959 1990 a
2013 1941 2209 2008 vipera,

187 2035 326 2086 nihil
355 2033 481 2083 mali
510 2031 718 2099 patitur
742 2050 754 2090 ;
798 2028 968 2078 multa
997 2043 1209 2093 quoque
1240 2024 1368 2073 facit
1397 2022 1670 2072 miracula.
1725 2021 1959 2071 Tandem
1989 2022 2211 2072 Romam

189 2119 491 2186 ingressus,
534 2123 773 2175 strenue,
815 2109 1060 2179 quamvis
1099 2108 1153 2157 in
1197 2106 1445 2167 vinculis,
1488 2122 1583 2171 per
1622 2103 1897 2154 biennium
1941 2102 2212 2154 Christum

191 2201 472 2271 praedicat.

263 2284 424 2336 Nota.
467 2283 644 2348 Quum
687 2280 773 2329 hic
818 2282 1052 2328 Actuum
1094 2274 1216 2323 finis
1257 2272 1598 2340 aliquatenus
1627 2271 1697 2321 sit
1723 2271 2003 2335 abruptuS,
2044 2286 2214 2336 neque

191 2379 375 2439 aptam
430 2366 680 2417 videatur
734 2361 933 2412 habere
986 2356 1407 2414 conclusionem,
1462 2361 1708 2403 auctores
1762 2351 2022 2413 nonnulli,
2084 2368 2215 2419 quos

194 2454 442 2505 recenset
468 2450 535 2500 cl.
568 2447 816 2499 Gicssntner
863 2443 1026 2506 (Intr.
1057 2441 1113 2490 in
1146 2457 1258 2490 nov.
1303 2435 1440 2487 Test.
1487 2436 1692 2502 Pragae,
1723 2453 1768 2484 a.
1804 2434 1982 2498 1863),
2015 2433 2215 2499 opinati

193 2543 340 2598 sunt,
370 2553 411 2586 s.
447 2533 607 2583 Lucae
645 2529 813 2580 fuisse
854 2525 1140 2578 consilium
1181 2530 1241 2571 ut
1282 2520 1503 2570 tertium
1544 2518 1758 2578 librum,
1800 2517 1853 2566 in
1895 2533 1998 2583 quo
2037 2533 2217 2565 narra-

196 2619 361 2670 tionis
427 2616 621 2666 seriem
685 2616 960 2680 repeteret
1012 2617 1067 2657 et
1119 2604 1480 2663 continuaret,
1549 2599 1892 2667 postmodum
1956 2604 2216 2659 exararet,

199 2696 654 2772 quemadmodum
708 2695 762 2744 in
818 2691 1052 2744 Actibus
1099 2684 1388 2753 Evangelii
1436 2682 1518 2732 sui
1573 2681 1851 2731 historiam
1905 2686 2216 2746 persecutus

199 2795 299 2839 est.
347 2783 457 2836 Sed
497 2783 614 2834 haec
654 2784 738 2830 est
780 2776 1110 2844 conjectura,
1160 2769 1306 2820 nullo
1345 2764 1686 2832 antiquitatis
1730 2761 2036 2814 testimonio
2075 2760 2216 2821 nixa,

202 2887 324 2939 quae
368 2866 436 2917 ad
482 2865 722 2933 amplum
774 2877 953 2910 rerum
1008 2872 1128 2925 qua-J
1180 2851 1295 2902 fieri
1343 2854 1570 2917 possunt
1623 2862 1866 2912 campum
1921 2841 2220 2910 ableganda

202 2953 440 3005 videtur.

1029 3062 1412 3106 COROLLAfflUM.

276 3180 360 3231 Ex
401 3177 604 3231 tradita
652 3179 887 3226 Actuum
930 3167 1138 3236 analysi
1181 3162 1529 3215 confirmatur
1570 3155 1643 3217 id,
1686 3153 1830 3223 quod
1877 3170 2037 3220 supra
2085 3149 2219 3200 dixi-

79 3259 171 3323 Ῑ’ζῗ”-”έ
202 3244 341 3326 mus,
383 3281 492 3313 non
531 3259 876 3327 completam,
918 3252 1013 3303 sed
1053 3245 1393 3301 summariam
1424 3245 1654 3300 tantum,
1698 3236 1852 3286 Pauli
1890 3234 2164 3284 historiam
2193 3250 2222 3281 a

204 3346 353 3398 Luca
391 3341 755 3409 conscriptam
786 3337 970 3388 fuisse.
1001 3332 1357 3398 Quapropter,
1397 3321 1695 3390 generatim
1736 3314 2020 3384 loquendo,
2063 3331 2222 3363 unum

206 3427 548 3480 solummodo
594 3424 756 3474 datur
803 3415 1113 3483 exemplum
1159 3411 1390 3468 illorum,
1441 3420 1559 3472 quae
1609 3397 1921 3468 Apostolus,
1967 3397 2021 3446 in
2069 3395 2224 3445 variis
