2430 4030
818 313 1018 350 Auci-oa
1057 315 1155 350 suu
1193 315 1333 350 AUTH
1343 318 1510 354 murm.
2111 313 2173 363 15

67 500 70 502 ,
142 445 416 515 Ignatius,
464 465 508 498 0.
559 447 914 517 Polycarpus,
966 467 1006 500 0.
1055 450 1327 514 Justinus,
1376 457 1431 502 et
1478 452 1760 516 Tatianus,
1809 455 1876 506 ad
1929 458 2173 526 quaedam

0 3171 22 3265 Ξ,

139 527 257 580 loca
282 529 508 580 Actuum
539 530 703 581 tacite
733 531 1004 600 respicere
1043 531 1334 596 videntur;
1379 551 1564 589 verum
1589 524 1769 588 ‘certae
1793 542 1847 588 et
1876 539 2175 592 manifestae

139 611 430 663 citationes
493 611 640 680 apud
705 612 1118 670 Tertullianum,
1196 613 1533 667 Clementem
1619 618 2065 684 Alexandrinum,
2130 640 2173 673 s.
2238 644 2241 646 ·

143 693 436 756 Irenaeum,
490 700 619 757 etc„
674 701 985 746 occurrunt.
1054 695 1263 746 Horum
1331 698 1644 749 testimonia
1707 701 1935 752 totidem
1993 703 2174 755 verbis

140 777 368 828 recitata
417 777 622 828 videsis
667 796 753 845 ap.
803 777 909 829 ILL.
955 779 1190 842 ΒΕΕΒΕΝ,
1234 777 1429 831 Oomm.
1470 780 1527 830 in
1566 781 1697 831 Actu
1739 783 1917 850 Apost.
1966 785 2174 853 Proleq.

142 859 207 910 In
250 861 504 912 omnibus
545 861 710 910 etiam
750 861 1140 912 vetustissimis
1184 862 1449 913 variarum
1479 864 1826 915 ecclesiarum
1857 868 2174 931 canonibus,

141 961 239 994 seu
303 961 374 994 00.
444 942 732 993 Librorum
799 943 1087 1011 catalogiS,
1144 961 1194 994 v.
1248 963 1331 1011 gr.
1386 945 1441 994 in
1507 947 1805 998 canonibus
1873 949 2174 1013 Muratorii,

144 1024 403 1093 Origenis
443 1032 499 1075 et
539 1024 783 1088 Eusebii,
825 1025 882 1075 in
924 1025 1266 1077 versionibus
1294 1027 1456 1077 etiam
1487 1029 1844 1097 perantiquiS,
1867 1035 2179 1084 constanter

142 1110 288 1162 idem
335 1110 590 1178 signatur
638 1115 847 1161 auctor.

215 1194 562 1261 Argumenta
621 1191 854 1255 interna,
909 1209 1031 1261 quae
1083 1210 1112 1243 e
1166 1193 1325 1262 styIO,
1380 1194 1624 1256 materia,
1690 1196 1995 1259 sententiiS,
2052 1201 2176 1261 etc„

139 1275 314 1345 ipsius
360 1276 487 1327 libri
530 1275 910 1337 desumuntur,
955 1276 1061 1327 tria
1099 1282 1228 1327 sunt
1270 1277 1589 1345 praecipua:

218 1364 269 1413 1ο
300 1361 353 1414 S.
386 1363 562 1413 Lucas
589 1367 779 1413 auctor
807 1368 890 1413 est
932 1362 1239 1430 Evangelii,
1270 1363 1414 1432 quod
1455 1365 1620 1415 tertio
1648 1365 1765 1416 loco
1795 1365 1848 1415 in
1882 1365 2178 1434 Scripturis

143 1445 424 1496 canonicis
481 1445 754 1513 legimus3
814 1450 873 1494 ut
926 1445 982 1495 in
1035 1445 1441 1514 prolegomenis
1495 1446 1563 1496 ad
1618 1446 1765 1498 istud
1820 1447 2177 1516 Evangelium

141 1527 570 1579 demonstratur.
604 1527 792 1595 Atqui,
823 1533 1014 1578 auctor
1043 1529 1280 1578 Actuum
1310 1528 1452 1579 idem
1485 1534 1568 1579 est
1596 1546 1656 1579 ao
1686 1529 1834 1580 tertii
1857 1530 2142 1598 Evangelii
2169 1552 2178 1581 :

145 1610 350 1660 etenim
379 1610 497 1678 ipse
527 1615 764 1660 testatur
793 1627 849 1659 se
871 1609 982 1677 jam
1013 1609 1298 1677 scripsisse
1330 1609 1692 1677 Evangelium
1722 1611 1865 1678 quod
1905 1608 2074 1680 usque
2113 1613 2180 1663 ad

146 1692 353 1744 Christi
381 1692 755 1744 ascensionem
787 1692 1048 1756 deduxit3
1081 1709 1224 1742 nunc
1252 1698 1454 1755 autem,
1485 1692 1530 1742 si
1560 1693 1895 1762 inquiramus
1936 1696 2181 1763 quisnam

145 1793 215 1826 ex
266 1781 500 1844 quatuor
546 1773 921 1840 Evangelistis
972 1791 1142 1842 usque
1189 1774 1257 1824 ad
1308 1775 1598 1824 terminum
1647 1775 1943 1828 indicatum
1998 1796 2180 1828 narra-

147 1857 352 1908 tionem
390 1861 772 1925 persequatur,
804 1856 939 1906 duos
968 1862 1180 1906 tantum
1224 1856 1551 1918 invenimUS,
1592 1856 1833 1908 Marcum
1874 1864 1928 1909 et
1965 1859 2179 1910 Lucam.

149 1941 337 2004 Porr0‚
380 1941 602 1992 aliunde
646 1946 862 1991 constat
908 1946 1183 1991 auctorem
1235 1940 1393 2007 hujus
1440 1940 1562 1991 libri
1608 1959 1714 1991 non
1759 1959 1877 1993 0000
1923 1943 2180 2008 Marcum,

147 2023 244 2076 sed
276 2025 495 2085 Lucam,
526 2041 692 2092 quum
724 2023 869 2073 solus
902 2022 1073 2073 Lucas
1108 2019 1469 2090 Evangelium
1500 2021 1800 2088 Theophilo
1831 2022 2179 2087 dedicaverit,

147 2106 607 2177 quemadmodum
648 2106 780 2157 fecit
819 2113 1008 2156 auctor
1038 2105 1278 2155 Actuum.
1313 2105 1459 2172 Ergo
1490 2123 1627 2155 unus
1658 2105 1906 2174 idemque
1936 2124 1976 2156 s.
2009 2106 2180 2157 Lucas

147 2195 264 2240 tum
305 2189 671 2257 Evangelium
717 2189 959 2248 tertium,
1006 2205 1170 2255 quum
1221 2189 1390 2238 Actus
1437 2187 1820 2255 Apostolorum
1859 2189 2179 2256 composuit.

182 2320 185 2322 ,
221 2274 276 2323 2⁰
306 2272 551 2340 Scriptor
584 2274 820 2322 Actuum
864 2273 1007 2322 facta
1047 2291 1088 2322 s.
1135 2271 1286 2320 Pauli
1330 2270 1447 2319 fuse
1489 2270 1748 2336 exponit3
1792 2271 1897 2320 imo
1937 2271 2094 2320 etiam
2125 2289 2180 2321 se

146 2356 401 2407 comitem
446 2355 562 2423 ejus
608 2355 776 2404 ferme
823 2354 1024 2423 ubique
1071 2352 1314 2415 exhibet,
1358 2370 1389 2402 a
1433 2369 1539 2418 quo
1587 2357 1827 2418 tempore
1868 2353 2179 2418 Apostolus,

148 2439 335 2489 relicta
381 2437 611 2500 Troade,
663 2438 940 2504 profectus
982 2442 1064 2487 est
1103 2436 1158 2485 in
1201 2434 1574 2485 Macedoniam
1632 2433 1806 2499 (XVI,
1863 2434 1984 2506 10),
2031 2435 2181 2501 atqui

147 2541 217 2574 ex
244 2522 493 2591 epistolis
522 2521 785 2582 Paulinis,
815 2538 949 2588 quas
978 2520 1034 2570 in
1064 2516 1453 2570 commentario
1484 2521 1669 2566 nostro
1704 2515 1779 2580 (3a
1805 2516 1908 2578 ed„
1939 2534 1984 2567 a.
2020 2517 2176 2582 1876)

147 2605 494 2657 authent-icas
560 2603 932 2672 probavimus,
998 2601 1293 2668 colligitur,
1363 2598 1701 2648 narrationes
1765 2597 1890 2647 libri
1955 2598 2177 2647 Aetnam

148 2706 371 2758 prorsus
427 2691 715 2738 accuratas
769 2703 908 2747 esse,
962 2689 1016 2734 et
1069 2681 1464 2749 evangelistam
1529 2680 1727 2730 Lucam
1783 2680 1962 2747 reipsa
2017 2679 2179 2729 Paulo

148 2772 351 2840 passim
397 2770 638 2823 adfuisse
688 2769 915 2820 socium.
963 2765 1045 2817 Of.
1089 2764 1318 2814 Philem.
1368 2763 1470 2824 243
1524 2761 1638 2813 Col.
1688 2761 1929 2824 IV,-14;
1974 2761 2002 2810 2
2045 2761 2180 2810 Tim.

151 2855 254 2918 IV,
306 2857 388 2906 11.

224 2940 279 2990 3⁰
309 2939 490 2990 Dictio
517 2955 700 3006 graeca
742 2935 1024 3002 utriusque
1063 2931 1260 2999 operis,
1303 2928 1590 2996 Evangelii
1631 2927 1790 2978 Lucae
1830 2932 1884 2977 et
1927 2928 2178 2987 Actuum,

150 3023 372 3074 omnino
413 3021 608 3077 similis
656 3026 756 3081 est,
806 3018 1059 3084 idemque
1088 3013 1279 3064 modus
1308 3011 1582 3072 narrandi,
1628 3014 1769 3070 etc.;
1820 3009 1945 3058 dum
1995 3014 2181 3058 contra

149 3106 317 3174 longe
345 3104 591 3157 diversus
632 3099 1061 3170 deprehenditur
1089 3096 1262 3165 stylus
1291 3094 1346 3144 in
1379 3092 1689 3160 Evangeliis
1719 3090 1980 3152 Matthaei,
2014 3089 2183 3140 Marci

150 3195 209 3240 et
244 3187 496 3239 {Ioannis
539 3185 790 3253 Exempli
831 3200 1010 3242 causa,
1041 3180 1222 3248 plures
1253 3177 1307 3226 in
1342 3174 1572 3226 Actibus
1603 3178 1902 3225 occurrunt,
1931 3189 2089 3224 voces
2130 3178 2184 3221 et

151 3271 396 3340 phrases,
425 3286 546 3338 quae
574 3269 630 3318 in
661 3273 893 3334 utroque
922 3263 1062 3314 libro
1091 3262 1350 3328 leguntur
1387 3257 1718 3323 frequenter,
1747 3254 1802 3303 in
1832 3255 2028 3304 ceteris
2058 3271 2182 3303 vero

150 3354 279 3406 novi
305 3351 643 3403 Testamenti
672 3348 897 3416 scriptis
941 3359 1234 3410 numquam
1275 3346 1368 3390 aut
1412 3356 1531 3388 raro
1573 3336 1934 3403 reperiuntur.
1977 3334 2181 3384 Harum

153 3436 406 3497 indicem,
449 3433 791 3501 inspectione
833 3430 1080 3496 dignum,
1123 3443 1190 3474 ex
1233 3421 1481 3473 Schottio
1524 3428 1766 3469 recenset
1804 3417 1910 3468 Im..
1954 3417 2181 3476 Baetim,

110 3519 206 3570 tin
238 3517 454 3585 Proleg.
486 3515 694 3567 Comm‘.
725 3514 777 3562 in
814 3515 940 3562 Act.
986 3509 1179 3575 Apost.
1227 3502 1444 3553 Videsis
1485 3500 1681 3567 infra§
1718 3499 1781 3548 14
1821 3497 1978 3565 hujus
2026 3498 2182 3559 Intr„

153 3602 250 3654 ubi
289 3601 356 3652 de
393 3599 537 3668 stylo
575 3605 632 3651 et
666 3594 940 3648 scribendi
982 3589 1140 3642 modo
1186 3587 1344 3637 Lucae
1375 3582 1598 3652 proprio
1639 3579 2056 3649 disputabimus,

228 3984 438 4030 wirma:
2028 3997 2053 4019 ·
