2430 4030
950 333 1144 370 munus
1184 332 1430 370 A'rntcms.
2108 315 2210 368 183

175 466 315 520 ritus
343 466 457 536 ejus
484 466 539 518 in
567 465 708 535 ipso,
738 463 931 516 videns
959 464 1286 516 idololatria)
1315 462 1559 536 deditam
1601 462 1904 515 civitatem.
1946 466 1978 503 *
2011 461 2212 532 Dispu·
2239 469 2290 515 1'7

176 550 331 603 tabat
357 549 527 619 igitur
553 548 606 599 in
636 565 923 618 synagoga
953 565 1073 600 cum
1103 546 1319 599 Judoeis
1347 552 1402 598 et
1431 546 1764 608 colentibus,
1794 551 1850 598 et
1886 546 1940 597 in
1969 546 2087 598 foro
2117 561 2216 615 per

177 650 366 685 omnes
404 632 521 684 dies
559 631 628 684 ad
665 649 778 694 eos,
818 631 913 700 qui
954 630 1202 682 aderant.
1254 634 1285 671 *
1329 628 1562 695 Quidam
1605 634 1787 681 autem
1836 628 2114 698 Epicurei,
2161 632 2216 681 et
2240 638 2293 679 18

180 712 352 767 Stoici
396 713 709 782 philosophi
751 712 1097 765 disserebant
1125 730 1358 775 cum‘e0‚
1401 716 1457 763 et
1484 711 1706 780 quidam
1735 710 2022 762 dicebant:
2071 709 2215 775 Quid

176 796 294 848 vult
321 795 742 848 seminiverbius
772 796 859 848 hic
889 795 1113 848 dicere?
1156 796 1264 846 Alii
1298 812 1456 847 vero:
1506 794 1786 847 Novorum
1817 792 2215 846 daemoniorum

175 878 393 932 videtur
419 879 781 931 annunciator
808 897 959 933 esse:
1003 879 1130 949 quia
1156 879 1368 941 «Iesum,
1408 884 1464 929 et
1502 877 1960 928 resurrectionem
2002 894 2213 927 annun·

175 961 355 1014 ciabat
401 963 497 1014 eis.
547 967 579 1004 *
625 961 695 1013 Et
743 964 1147 1032 apprehensum
1202 979 1323 1013 eum
1379 960 1448 1012 ad
1507 962 1856 1030 Areopagum
1914 960 2212 1024 duxerunt,
2239 967 2295 1008 19

174 1043 457 1097 dicentes:
509 1046 805 1097 Possumus
849 1046 987 1098 scire
1032 1063 1154 1114 quac
1199 1050 1284 1097 est
1314 1044 1429 1097 haec
1459 1061 1617 1108 nova,
1648 1060 1769 1113 quae
1816 1062 1846 1095 a
1884 1050 1938 1095 te
1986 1043 2212 1107 dicitur,

234 1298 418 1344 VlnaNs
443 1312 756 1344 mototnmsu
790 1311 1002 1343 Dama-AM
1035 1310 1289 1343 mvrrwrnm
1313 1316 1321 1341 ι
1346 1303 1602 1350 κατειδωλον,
1628 1297 1787 1354 potius
1811 1297 1951 1340 idolis
1983 1297 2214 1354 refisrtam,

177 1383 262 1413 seu
311 1370 538 1414 falsorum
587 1371 784 1416 deorum
838 1371 1108 1415 simulacris
1150 1370 1497 1414 abundantem.
1547 1370 1585 1412 Ε
1630 1369 1951 1427 scriptoribus
2002 1370 2215 1427 profanis

175 1439 412 1491 novimus,
439 1440 766 1485 Athenienses
801 1444 904 1483 tum
940 1440 1176 1484 idolorum
1210 1446 1356 1497 atque
1387 1453 1581 1483 ararum
1615 1439 1765 1495 copia,
1797 1453 1947 1496 quum
1981 1439 2214 1483 festorum

173 1509 359 1556 dierum
388 1511 671 1570 frequentia,
697 1514 871 1558 cctcris
896 1513 1077 1557 Groecis
1102 1512 1454 1556 antecelluisse.
1489 1510 1752 1555 'l'estantur
1789 1511 2050 1556 Pausanias
2080 1512 2119 1564 l,
2142 1512 2213 1564 24,

176 1579 201 1622 3
233 1585 282 1624 et
315 1581 482 1625 Livius
514 1583 584 1635 45,
620 1582 688 1635 27,
722 1583 771 1626 in
805 1597 971 1627 eorum
1006 1582 1122 1626 urbe
1159 1582 1296 1634 plura
1328 1581 1476 1626 fuisse
1511 1581 1706 1637 templa,
1731 1580 1932 1626 delubra
1958 1588 2004 1626 et
2028 1587 2215 1627 statuas

176 1650 389 1702 deorum,
413 1666 555 1709 quam
583 1653 631 1695 in
661 1659 761 1698 tota
787 1653 987 1697 Graecia.

237 1721 303 1766 17.
332 1719 630 1765 DlsrUTAiiA'r
654 1741 662 1767 :
688 1728 907 1777 διελεγετο,
937 1721 1290 1778 vei-basaciebat
1314 1720 1371 1765 ad
1398 1735 1477 1765 eos
1506 1739 1514 1765 :
1542 1736 1636 1778 quo
1663 1735 1807 1765 sensu
1832 1722 1975 1765 ctiam
2003 1721 2214 1765 sumitur

175 1793 412 1844 διαλεγομαι
446 1792 493 1834 in
526 1806 612 1847 cap
662 1791 774 1843 XX,
808 1793 850 1843 7,
882 1798 930 1836 et
967 1791 1111 1836 Hebr.
1145 1790 1263 1843 ΧΠ,
1300 1790 1338 1833 5.
1377 1790 1528 1834 Lucas
1564 1791 1764 1834 innuere
1803 1790 1997 1835 videtur
2033 1792 2095 1843 (v.
2137 1791 2211 1845 18)

175 1859 377 1903 Paulum
416 1875 524 1905 cum
567 1862 682 1905 solis
724 1862 976 1918 Epicureis
1011 1867 1058 1905 et
1093 1860 1269 1905 Stoicis
1310 1861 1574 1916 disputasse
1608 1860 1721 1914 (non
1754 1875 1864 1904 cum
1897 1860 2118 1913 Judaeis).
2158 1861 2213 1905 ΙΝ

173 1940 317 1973 Bono:
344 1948 383 1973 εν
407 1949 457 1984 τῃ
480 1949 607 1985 αγορᾳ
641 1945 748 1974 cum
781 1936 890 1983 art.,
924 1938 1053 1975 certe
1088 1932 1135 1974 in
1170 1931 1364 1974 Eretria
1397 1944 1546 1986 prope
1578 1930 1756 1983 Stoam,
1791 1930 1872 1974 ubi
1904 1936 2119 1975 oratores
2152 1930 2214 1975 ad

177 1998 410 2055 populum
440 1999 552 2043 illuc
574 1999 915 2044 adventantem
943 2014 1211 2044 sermonem
1236 1999 1412 2044 habere
1435 1998 1666 2043 solebant.

235 2070 305 2114 18.
334 2070 566 2114 Emonam
590 2083 642 2115 m
668 2071 826 2115 S‘romi
859 2072 1129 2116 animorum
1163 2070 1577 2115 immortalitatem
1612 2069 1883 2127 negabant;
1920 2085 2018 2116 non
2049 2075 2211 2115 autem

174 2139 243 2184 ita
266 2141 538 2185 sentiebant
566 2142 795 2186 Platonici
822 2149 870 2186 et
899 2141 1194 2187 Aristotelici
1225 2141 1353 2194 (dum
1376 2141 1482 2185 aliae
1506 2141 1680 2186 scholae
1710 2141 2069 2199 philosophicae,
2094 2156 2215 2200 qum,

174 2209 269 2253 isto
291 2215 521 2267 tempore,
543 2215 682 2254 erant
710 2210 935 2264 Athenis)
963 2230 972 2254 :
999 2226 1146 2268 quum
1173 2225 1288 2266 ergo
1317 2211 1506 2262 l'uulus,
1529 2210 1657 2254 inter
1674 2211 1766 2254 alia
1789 2211 2023 2255 doctrinae
2043 2214 2216 2269 capita,

174 2285 474 2325 mortuorum
499 2282 902 2326 resurrectionem
939 2282 1237 2338 praedicaret,
1262 2282 1363 2325 ficri
1393 2281 1568 2338 potuit,
1600 2286 1655 2325 ut
1690 2282 1759 2325 illi
1794 2283 1880 2327 soli
1914 2283 2214 2328 occasionem

175 2349 458 2406 disputandi
485 2365 591 2394 cum
619 2366 674 2395 eo
700 2352 812 2396 hinc
837 2353 1149 2408 arripuerint.

233 2418 359 2475 Qun)
381 2432 494 2463 vum:
515 2433 688 2466 mosam
713 2439 722 2465 ε
749 2441 786 2464 τι
809 2440 856 2465 av
879 2428 988 2470 θελοι
1009 2428 1159 2476 λεγειν,
1183 2420 1297 2479 quid
1326 2422 1470 2478 possit
1503 2420 1586 2465 isle
1617 2421 1729 2466 velle
1762 2422 1924 2474 (licere,
1957 2423 2143 2479 supple,
2177 2423 2215 2467 si

175 2502 332 2533 sermo
357 2488 459 2546 ejus
484 2503 676 2534 sensum
704 2491 959 2548 quemdam
984 2505 1151 2535 revera
1178 2490 1349 2534 habeut
1378 2509 1386 2534 ε
1415 2490 1516 2535 haec
1541 2494 1615 2534 est
1637 2491 1711 2534 vis
1740 2491 1784 2534 in
1814 2506 1988 2547 graeco.
2016 2491 2215 2536 Samm-

175 2570 388 2603 vmusms.
415 2559 519 2605 Vox
543 2575 698 2618 graeca
720 2568 1011 2615 σπερμολογος,
1045 2561 1221 2617 duplici
1259 2562 1397 2605 modo
1429 2561 1726 2617 explicatur:
1754 2562 1829 2606 vel
1859 2564 1899 2606 1⁰
1930 2563 2012 2620 qui
2044 2563 2218 2620 eolliqit

174 2642 325 2684 qra‘na
366 2635 492 2684 (λεγω
527 2638 574 2675 et
612 2633 805 2686 σπερμα).
847 2632 921 2676 Ita
960 2632 1256 2676 vocabantur
1294 2646 1547 2688 pauperes,
1584 2632 1681 2689 qui,
1726 2633 1880 2676 forum
1921 2634 2215 2687 oberrantes,

177 2699 305 2756 quod
331 2715 385 2744 ex
413 2700 649 2745 mercibus
673 2709 720 2746 et
747 2708 1064 2747 mercatorum
1092 2704 1294 2747 sarcinis
1331 2704 1375 2745 in
1413 2710 1589 2746 terram
1625 2703 1870 2748 deciderat
1892 2704 2211 2762 colligebant;

177 2769 287 2813 inde
310 2768 514 2813 homines
544 2770 670 2823 viles,
703 2771 1070 2827 circumforanei,
1098 2771 1300 2827 qam-uli,
1336 2771 1605 2823 Macerones,
1641 2773 1899 2831 vaniloqui.
1937 2774 2030 2818 Hic
2051 2778 2214 2819 autom

177 2837 348 2882 ultimo
383 2852 526 2883 sensu
566 2840 788 2884 sumitur.
823 2839 914 2886 Vel
947 2842 993 2884 2⁰
1025 2847 1315 2896 σπερμολογος,
1350 2856 1376 2885 a
1409 2859 1584 2896 σπειρειν
1623 2842 1852 2887 seminare
1890 2849 2033 2898 λογους
2064 2843 2214 2897 verba,

176 2905 370 2958 dicitur,
404 2908 485 2964 qui
518 2907 610 2951 huc
644 2908 850 2966 illucque
885 2909 1072 2966 projicit
1100 2909 1244 2955 verba
1269 2911 1423 2966 primo
1447 2911 1751 2955 occurrenti:
1793 2916 2005 2968 nuqator,
2037 2912 2213 2957 vanilo-

177 2990 318 3033 quum
342 2976 568 3021 flandrice
595 2997 604 3022 ε
629 2993 708 3021 cen
729 2982 903 3036 prater,
929 2993 1008 3023 een
1029 2980 1378 3037 woordzaav'jer,
1401 2995 1480 3024 een
1506 2980 1769 3025 babbelaar.

234 3043 474 3089 Novomm
518 3058 850 3092 DAEMONJORUM
898 3060 1106 3092 vmmua
1156 3061 1485 3093 ANNUNTJATOR
1540 3062 1662 3102 assa,
1709 3050 1964 3108 peregrina
2016 3052 2219 3098 numina.

177 3114 370 3159 videtur
394 3115 667 3172 praedicare.
696 3116 820 3173 Qun.
847 3118 1004 3163 JESUM
1029 3123 1116 3163 etc.
1147 3137 1156 3162 ε
1180 3117 1326 3162 verba
1351 3126 1467 3163 sunt
1493 3118 1648 3173 Lucae,
1671 3119 1848 3178 quibus
1876 3122 2108 3167 rationem
2135 3123 2218 3168 dat

177 3184 361 3229 ultimae
387 3186 640 3243 opinionis,
665 3186 724 3231 de
750 3188 889 3232 novis
911 3187 1005 3231 diis
1031 3202 1058 3230 a
1088 3187 1232 3232 Paulo
1259 3188 1511 3233 nuntiatis.

237 3251 307 3296 19.
330 3254 405 3297 An
428 3254 740 3307 Annonam,
773 3255 930 3300 nollem
961 3255 1194 3300 Martium
1230 3257 1354 3311 (Αρης
1385 3256 1535 3311 Mars,
1559 3262 1608 3302 et
1629 3276 1759 3313 παγος
1781 3273 1926 3313 mons,
1959 3261 2107 3317 collis)
2134 3277 2218 3308 seu

178 3334 390 3379 campum
411 3322 654 3376 Martium,
680 3332 736 3370 ut
758 3325 840 3378 ibi,
865 3340 892 3371 a
916 3326 1094 3371 forensi
1118 3327 1326 3383 strepitu
1352 3331 1581 3379 remotus,
1606 3328 1811 3374 curiosis
1835 3330 2220 3379 Atheniensibus

180 3390 246 3447 (v.
282 3391 358 3448 21)
405 3393 670 3449 locuturus,
716 3400 856 3441 tanto
902 3396 1087 3441 facilius
1132 3395 1192 3441 ab
1236 3397 1305 3441 eis
1346 3396 1503 3441 audiri
1546 3405 1723 3455 posset.
1765 3399 1824 3444 In
1865 3401 2003 3447 illum
2047 3404 2218 3449 collem

178 3465 432 3511 convenire
465 3467 646 3513 solebat
685 3483 966 3526 supremum
1006 3469 1237 3522 tribunal,
1279 3470 1406 3528 quod
1445 3471 1591 3516 etiam
1634 3472 1904 3530 Areopayue
1940 3476 2216 3523 vocabatur.

177 3533 313 3580 Nihil
340 3540 501 3581 tamen
523 3537 684 3583 innuit
703 3539 764 3584 ad
787 3538 875 3585 hoc
898 3538 1110 3584 tribunal
1136 3539 1340 3584 Paulum
1366 3547 1420 3585 ut
1445 3554 1580 3585 rcum
1606 3540 1756 3587 fuisse
1782 3544 2071 3600 perductum
2096 3564 2105 3591 z
2131 3561 2218 3592 vox

179 3605 304 3651 enim
327 3604 662 3666 apprehensum
682 3607 742 3655 de
763 3609 915 3655 amica
936 3608 1124 3654 actione
1147 3623 1511 3668 nonnumquam
1536 3610 1895 3669 adhibetur'(v.
1929 3629 2002 3672 gr.
2039 3615 2127 3671 IX,
2161 3617 2218 3664 27

0 3746 2 3753 .

0 3790 2 3798 i

233 3881 238 3887 '
875 3883 893 3900 ο

82 3957 88 3965 t
139 3971 147 3974 “
167 3963 174 3974 ,ῃ
190 3939 195 3942 μ

13 3974 29 3990 ⁷-
73 3915 211 4030 Q.
318 3991 321 3994 Δ
660 4000 666 4004 ,
2085 3979 2108 4001 ο

13 4003 34 4026 J:
235 4007 237 4010 ⁴
270 4022 276 4030 ,
318 4014 320 4019 ·
426 4018 428 4022 ›
