2430 4030
287 226 388 276 118
837 239 999 276 aoros
1038 240 1434 291 ArosrotoauM,
1477 227 1579 292 IX,
1623 229 1772 281 1-30.

281 372 539 442 epistolas
580 372 637 423 in
687 373 1012 425 Damascum
1064 374 1133 425 ad
1185 393 1499 446 synagogas
1554 398 1564 429 ε
1620 383 1681 429 ut
1733 379 1780 429 si
1833 396 1969 448 quos
2021 362 2326 433 invenisset
2394 391 2406 422 2

281 455 441 524 hujus
489 454 590 507 viae
635 455 796 520 viros,
845 474 906 507 ac
954 457 1227 520 mulieres,
1270 458 1486 510 vinctos
1532 459 1862 528 perduceret
1901 462 1957 513 in
2000 461 2326 515 Jerusalem.
2392 467 2412 523 -ξ

230 541 315 586 3*
361 538 434 590 Et
485 555 607 590 cum
653 537 758 589 iter
803 538 1022 603 faceret,
1066 539 1303 610 contigit
1357 548 1418 593 ut
1469 542 1946 613 appropinquaret
1998 544 2265 597 Damasco
2315 563 2326 596 ε
2395 533 2398 535 ⁷

340 798 626 847 DAMASCUM,
649 796 697 838 iu
723 795 875 853 Syria,
901 795 962 839 ad
987 795 1114 840 latus
1137 795 1370 840 orientale
1395 796 1731 842 Anti-Libani.
1760 797 1994 855 Quamvis
2018 798 2121 843 haec
2154 796 2325 843 civitas
2406 777 2430 799 ¹

281 867 465 911 ‹Judaeis
492 866 686 910 subdita
710 878 806 921 non
830 869 971 916 esset,
1000 863 1176 909 Saulus
1212 879 1265 910 eo
1299 866 1535 922 perrexit,
1562 867 1677 924 quia
1700 873 1904 912 noverat
1926 867 2331 925 persecutionem,
2387 866 2430 925 ,ἴξξ

281 952 425 995 quam
456 935 690 981 adversus
723 934 1012 979 christianos
1055 935 1357 988 moliebatur,
1391 950 1418 980 a
1451 936 1700 981 Romanis
1739 938 1822 995 qui
1854 938 1920 982 ibi
1953 938 2328 983 dominabantur
2384 930 2430 951 ”¹

284 1009 343 1062 (si
366 1014 468 1052 erat
493 1011 608 1052 tunc
630 1021 670 1050 a.
698 1005 791 1060 34),
819 1005 890 1049 vel
916 1005 976 1060 (si
1010 1005 1195 1049 tardius
1230 1009 1371 1059 esset,
1405 1021 1450 1051 v.
1484 1021 1558 1063 gr.
1593 1022 1636 1052 a.
1674 1007 1758 1060 37;
1792 1008 1902 1053 vide
1939 1007 2064 1052 infra
2093 1022 2206 1051 ann.
2242 1005 2333 1060 IX,

282 1079 354 1132 24)
389 1078 448 1123 ab
485 1078 644 1129 Areta,
678 1076 823 1120 istius
863 1075 1075 1132 regionis
1117 1091 1232 1134 rege
1267 1076 1311 1131 (2
1348 1076 1459 1121 Cor.
1496 1076 1590 1130 IX,
1626 1077 1720 1132 32),
1755 1077 2087 1123 Romanorum
2126 1078 2330 1136 imperio

282 1147 477 1191 subdito
512 1147 632 1201 (Jos.
661 1149 761 1190 Ant.
800 1145 869 1197 16,
904 1146 973 1197 11,
1008 1145 1068 1200 9),
1102 1145 1459 1202 impediendam
1487 1161 1585 1192 non
1611 1147 1726 1192 fore.
1766 1148 2031 1193 Probabilis
2054 1151 2127 1192 est
2150 1146 2333 1205 conjec-
2418 1150 2430 1159 ”

283 1227 390 1263 tura
431 1218 638 1264 Cornelii
677 1234 707 1262 a
745 1217 942 1274 Lapide,
979 1217 1289 1269 christianos,
1334 1232 1450 1262 nece
1495 1217 1737 1275 Stephani
1777 1219 2026 1277 dispersos
2061 1218 2228 1274 (VIII,
2269 1218 2334 1272 1),

282 1290 536 1346 plerosque
577 1303 630 1333 eo
667 1288 961 1344 confugisse,
1001 1293 1172 1344 utpote
1212 1288 1295 1344 qui
1334 1293 1594 1344 sperarent,
1634 1289 1684 1332 in
1723 1289 1842 1333 urbe
1881 1289 2055 1347 gentili
2096 1293 2145 1334 et
2184 1287 2335 1344 regia,
2412 1334 2430 1346 ‚¹

283 1360 467 1404 Judaeis
507 1375 603 1404 non
643 1358 909 1408 obediente,
952 1359 1084 1402 nulla
1133 1359 1222 1402 sibi
1266 1359 1519 1402 imminere
1561 1359 1799 1416 pericula.
1843 1358 2061 1403 Aliunde
2106 1358 2331 1403 novimus
2414 1363 2430 1409 -ἰ

284 1431 462 1474 multos
503 1429 699 1474 Judaeos
737 1429 802 1472 ibi
843 1428 1100 1480 habitasse,
1142 1428 1258 1472 adeo
1299 1428 1496 1486 quidem
1536 1433 1606 1480 ut,
1642 1433 1767 1473 teste
1800 1428 1902 1473 Jos.
1943 1427 2001 1472 B.
2025 1428 2069 1473 J.
2110 1429 2151 1480 1,
2176 1428 2220 1479 2,
2245 1426 2329 1480 25;
2414 1435 2430 1491 ³4

283 1501 325 1553 2,
349 1501 420 1552 20,
444 1500 487 1553 2,
530 1498 660 1543 Nero
684 1498 847 1542 decem
873 1497 1022 1541 millia
1050 1497 1265 1541 occidere
1287 1498 1470 1542 fecerit.
1510 1497 1692 1542 Mirum
1728 1499 1891 1556 itaque
1924 1513 2020 1544 non
2054 1502 2144 1551 est,
2169 1497 2334 1555 plures
2418 1496 2430 1542 ‘i

285 1571 350 1614 ibi
373 1570 524 1615 fuisse
547 1582 817 1627 synogagas
844 1569 976 1622 (nota
998 1582 1133 1611 num.
1159 1568 1283 1624 plur.
1311 1568 1438 1625 apud
1466 1567 1694 1622 Lucam).

343 1641 504 1685 HUJUS
525 1653 629 1684 VJAE.
659 1638 747 1685 Via
771 1637 899 1695 apud
926 1637 1155 1683 Hebraeos
1183 1638 1308 1695 sign.
1332 1638 1502 1695 ayendt'
1527 1653 1608 1683 seu
1635 1638 1823 1684 vivendi
1843 1639 2107 1691 ‘rationem;
2133 1637 2225 1690 hic,
2249 1651 2336 1694 pro
2417 1644 2430 1701 3}

286 1711 498 1768 subjecta
520 1710 733 1760 materia,
773 1707 955 1752 vivendi
979 1709 1206 1752 rationem
1228 1709 1280 1754 in
1306 1723 1354 1753 re
1379 1709 1618 1767 reliyiosa.
1664 1708 1849 1754 Sensus
1875 1709 2031 1766 igitur
2057 1712 2156 1754 est:
2197 1706 2339 1766 hujus
2409 1700 2430 1759 {l

285 1781 506 1834 instituti,
529 1783 669 1831 sectos,
691 1779 961 1834 relicionis:
990 1778 1209 1836 intellige
1231 1778 1511 1824 christianae
1537 1779 1650 1824 fidei
1676 1779 1958 1836 discipulos.
1987 1779 2058 1824 Cf.
2076 1792 2177 1836 cap.
2195 1777 2335 1832 XIX,
2414 1785 2418 1790 ’

286 1857 339 1911 9;
365 1855 533 1907 XXII,
558 1855 609 1906 43
637 1851 829 1904 XXIV,
855 1853 908 1896 14
935 1853 1002 1907 (in
1026 1854 1204 1909 graeco)
1231 1858 1280 1897 et
1305 1852 1374 1897 22.
2416 1855 2430 1899 ἶ

345 1927 386 1970 3.
421 1925 683 1971 Conversio
709 1923 842 1967 Sauli
866 1928 938 1967 ter
962 1927 1187 1967 narratur
1215 1923 1261 1966 in
1293 1938 1330 1966 s.
1359 1922 1643 1982 Scriptura:
1670 1924 1749 1969 hic
1772 1939 1799 1970 a
1827 1939 1863 1968 s.
1887 1923 2032 1976 Luca,
2049 1937 2150 1980 cap.
2170 1921 2340 1975 XXII,
2419 1922 2430 1966 ἦ

291 1997 394 2040 4-16
414 1996 473 2040 ab
497 1996 603 2052 ipso
633 1994 790 2045 Paulo,
814 1999 861 2038 et
886 1993 1074 2046 XXVI,
1098 1993 1204 2037 9720
1233 1993 1291 2038 ab
1318 1994 1484 2039 eodem
1509 1996 1761 2052 apostolo3
1799 2009 1906 2053 quae
1929 1994 2032 2039 loca
2053 1991 2340 2039 conferenda
2415 1977 2430 2046 ἐ

291 2073 420 2119 sunt,
457 2071 527 2119 ut,
569 2066 694 2124 quod
732 2066 779 2108 in
814 2079 909 2110 uno
941 2064 1203 2117 omittitur,
1245 2079 1300 2108 ex
1333 2066 1441 2110 aliis
1474 2067 1775 2124 suppleatur,
1810 2071 1858 2112 et
1884 2066 1924 2118 si
1953 2080 2061 2124 quae
2083 2064 2341 2110 videantur
2400 2055 2430 2161 «ἢ

290 2136 629 2194 repugnantia,
667 2135 795 2193 quod
822 2135 943 2179 male
965 2134 1216 2180 contendit
1250 2135 1316 2179 De
1348 2135 1488 2182 Wette
1520 2137 1841 2188 rationalista,
1879 2150 1933 2181 ea
1955 2135 2014 2181 ad
2035 2132 2338 2180 concordiam

294 2211 591 2252 revocentur.

353 2278 464 2322 CUM
495 2290 605 2321 rrss
637 2289 871 2320 mosam:
905 2276 1033 2320 inter
1074 2275 1347 2320 Jerusalem
1393 2281 1442 2321 et
1485 2276 1784 2321 Damascum
1834 2275 1926 2321 iter
1971 2279 2074 2320 erat
2117 2278 2224 2320 octo
2265 2273 2343 2320 vel
2387 2280 2410 2303 ³³

293 2350 456 2393 decem
481 2348 686 2399 dierum,
710 2346 770 2390 ad
792 2346 1074 2390 distantiam
1096 2346 1246 2391 ferme
1271 2346 1357 2390 230
1378 2346 1752 2391 kilometrorum.
1791 2345 1980 2397 SUBITO,
2004 2345 2129 2390 circa
2150 2349 2343 2400 tempus
2369 2374 2372 2375 ν
2399 2359 2415 2386 ’-

294 2419 612 2464 meridianum
638 2417 822 2472 (XXII,
849 2417 911 2469 6),
935 2430 1275 2462 ciRcuquULsi'r
1308 2431 1426 2470 EUM,
1447 2417 1647 2476 ejusque
1673 2418 1874 2464 comites
1902 2416 2109 2472 (XXVI,
2133 2416 2225 2472 13),
2250 2426 2343 2459 Lux

294 2503 355 2534 DE
389 2503 524 2543 COELo,
557 2504 613 2534 ex
639 2504 745 2533 aere
769 2489 1015 2544 superiore
1039 2489 1258 2547 delapsa;
1305 2498 1355 2534 et
1380 2489 1460 2533 lux
1485 2489 1680 2546 quidem
1707 2490 1902 2546 copiosa
1927 2487 2115 2543 (XXII,
2142 2487 2201 2543 6),
2235 2499 2342 2544 quae
2388 2485 2411 2533 s

298 2563 458 2617 ipsum
483 2561 595 2605 solis
623 2559 929 2616 splendorem
954 2559 1212 2615 superabat
1237 2559 1449 2614 (XXVI,
1474 2559 1564 2614 13).
2332 2554 2338 2557 ⁷
2408 2616 2410 2618 .

359 2630 463 2674 Lux
483 2629 579 2682 illa,
603 2630 789 2686 opinor,
815 2629 906 2673 alia
930 2643 1025 2674 non
1050 2629 1158 2682 fuit,
1191 2643 1335 2686 quam
1361 2643 1469 2686 quae
1491 2643 1517 2673 a
1539 2629 1758 2686 glorioso
1782 2642 1981 2686 corpore
2005 2626 2192 2677 Christi,
2212 2637 2342 2683 spar-
2384 2619 2411 2645 ²

299 2701 503 2757 gebatur
552 2699 766 2755 (Videsis
808 2714 914 2757 quae
957 2699 1015 2743 de
1052 2699 1310 2756 splendore
1350 2699 1482 2742 illius
1522 2698 1744 2754 corporis
1784 2698 1983 2756 gloriosi
2022 2697 2250 2742 dicuntur
2291 2694 2343 2739 in

304 2771 729 2828 Transfiquratione
754 2769 963 2823 Domini,
988 2770 1163 2815 Matth.
1187 2769 1353 2822 XVII,
1380 2771 1422 2823 1,
1446 2770 1472 2813 2
1497 2769 1604 2814 coll.
1631 2769 1817 2814 Comm.
1842 2774 1994 2814 nostr.
2022 2768 2069 2812 3³
2092 2766 2199 2821 ed.).
2237 2765 2346 2809 Per·

301 2857 498 2887 suasum
522 2842 650 2886 enim
675 2841 907 2886 habemus
934 2840 1187 2885 Christum
1225 2855 1410 2899 corpore
1453 2856 1541 2886 suo
1583 2839 1812 2885 indutum
1845 2840 1907 2885 ad
1939 2845 2120 2884 terram
2152 2836 2347 2882 descen·
2387 2850 2411 2885 2

301 2913 442 2965 disse,
469 2927 668 2970 seseque
691 2926 799 2957 vere
826 2911 972 2956 Saulo
998 2911 1394 2969 conspiciendum
1422 2911 1708 2968 praebuisse.
1727 2911 1867 2968 Quod
1893 2909 2088 2968 quidem
2113 2906 2346 2965 probatur

306 2983 349 3025 1ο
371 2997 426 3026 ex
451 2987 551 3027 tota
574 2984 696 3027 serie
719 2982 1027 3026 narrationis.
1052 2981 1142 3025 Ille
1168 2981 1251 3039 qui
1273 2981 1493 3039 loquitur
1520 2986 1595 3026 est
1626 2981 1855 3026 Christus
1877 2981 2021 3025 Jesus
2048 2979 2110 3034 (v.
2131 2979 2193 3033 5),
2210 2974 2346 3034 atqui

303 3052 495 3097 omnino
518 3053 644 3097 idem
669 3058 743 3097 est
768 3053 850 3109 qui
872 3057 1092 3109 apparet;
1122 3052 1217 3096 imo
1241 3066 1287 3096 v.
1307 3052 1362 3097 17
1389 3055 1437 3096 et
1464 3050 1522 3096 27
1550 3051 1749 3096 disertis
1776 3050 1938 3096 verbis
1961 3048 2153 3101 dicitur,
2174 3047 2345 3092 Jesum
2358 3044 2407 3100 ξ

302 3135 329 3164 a
352 3121 499 3166 Paulo
524 3122 677 3178 fuisse
714 3122 878 3166 visum.
920 3121 1101 3165 Deinde
1126 3135 1227 3178 cap
1252 3120 1421 3173 XXII,
1457 3121 1514 3165 14
1539 3120 1746 3178 legitur:
1788 3121 1915 3165 Deus
1935 3115 2271 3178 praeordina-vit
2291 3118 2348 3167 te.

303 3197 397 3238 ut...
434 3193 609 3238 videres
644 3195 847 3246 Justum,
884 3197 925 3238 et
955 3194 1146 3239 audires
1176 3208 1326 3239 vocem
1358 3208 1408 3238 ex
1441 3207 1515 3239 ore
1546 3193 1661 3251 ejus.
1695 3194 1762 3238 Et
1783 3193 1973 3246 XXVI,
1999 3191 2082 3238 16.
2118 3191 2190 3236 Ad
2221 3190 2348 3237 hoc..

305 3263 510 3321 apparui
550 3264 722 3318 (ωφθην,
761 3265 895 3309 visus
934 3267 1059 3319 sum)
1102 3264 1187 3309 tibi
1211 3268 1264 3308 ut
1285 3267 1375 3308 etc.
1422 3263 1666 3309 Probatur
1697 3264 1746 3308 2ο
1770 3277 1827 3308 ex
1851 3266 1873 3308 1
1901 3262 2205 3315 Gor.1X,1.
2244 3220 2389 3318 NQ⁷.⁷

304 3347 407 3376 sum
441 3333 710 3390 Apostolus.
705 3333 724 3365 ?
759 3333 926 3379 Nonne
951 3333 1188 3379 Christum
1209 3334 1372 3380 Jesum
1395 3333 1652 3379 Dominum
1682 3336 1896 3379 nostrum
1928 3332 2054 3379 vidi.
2049 3330 2070 3364 5²
2109 3331 2267 3377 Praete
2283 3353 2287 3358 Δ
2304 3325 2387 3398 -τῆῑ,

306 3404 328 3446 1
356 3401 463 3447 Cor.
500 3401 610 3455 XV,
646 3402 674 3446 8
709 3403 914 3448 affirmat
953 3404 1130 3448 Paulus
1172 3419 1222 3449 se
1258 3403 1513 3449 Christum
1555 3418 1583 3448 a
1622 3405 1829 3451 mortuis
1874 3416 2126 3450 reversum
2162 3394 2378 3449 victims:

305 3470 704 3530 quemadmodum
742 3475 888 3517 ceteri
925 3474 1131 3529 apostoli
1171 3489 1283 3520 eum
1321 3477 1431 3531 post
1470 3475 1878 3519 resurrectionem
1914 3472 2159 3526 viderunt,
2190 3469 2370 3534 ἰςίἭ1ζᾌ,

304 3541 453 3586 oculis
477 3543 717 3599 corporeis.
754 3540 922 3599 Neque
960 3543 1101 3601 objici
1138 3549 1300 3602 potest
1341 3545 1442 3590 haec
1479 3544 1623 3591 verba
1655 3544 1716 3590 ad
1747 3543 1892 3590 aliam
1924 3543 2179 3596 visionem,
2200 3536 2361 3608 ι’
