2430 4030
193 355 262 406 36
683 370 1032 406 IN'I'RODUCTIO
1074 371 1126 404 IN
1167 371 1328 406 AC'rth
1371 371 1763 407 APOSTOLORUM.

192 511 359 553 tatem
398 520 811 571 propugnemus
857 504 1008 566 (usus
1051 504 1322 568 criticus).
1369 504 1439 554 Et
1481 523 1537 555 re
1578 504 1797 573 quidem
1845 521 1990 566 vera,
2033 510 2246 555 veteres

192 585 521 652 interpretes
553 591 721 635 testes
768 594 899 635 sunt
927 586 1258 653 gravissimi,
1289 606 1318 635 a
1349 587 1548 655 quibus
1579 587 1942 655 comperimus
1975 586 2246 654 quomodo

191 668 259 719 ab
290 667 688 735 antiquissimis
719 669 1060 737 temporibus
1090 669 1143 718 in
1174 670 1409 737 singulis
1432 670 1694 732 ecclesiis,
1719 676 1836 720 tum
1865 669 2244 731 orientalibus,

193 770 357 822 quum
403 751 858 814 occidentalibus,
908 753 1049 803 lecta
1093 759 1147 804 et
1190 753 1472 804 intellecta
1509 754 1711 804 fuerint
1751 754 1938 805 divina
1979 753 2242 822 Eloquia3

191 842 355 904 atque
401 853 584 886 eorum
632 837 930 887 auctoritas
980 837 1078 887 hac
1124 837 1178 886 in
1223 855 1280 887 re
1325 855 1387 887 eo
1438 837 1608 904 major
1663 837 1894 888 dicenda
1944 842 2046 899 est,
2097 837 2245 906 quod

190 920 472 970 versiones
518 919 643 982 illae,
689 919 758 969 ad
807 937 936 970 usus
985 920 1388 970 ecclesiasticos
1436 919 1721 982 confectae‚
1770 921 1839 971 ab
1887 920 2245 971 ecclesiarum

193 1003 567 1072 superioribus
598 1003 918 1070 approbatae
960 1010 1145 1054 essent
1174 1009 1230 1053 et
1257 1004 1413 1071 quasi
1454 1004 1803 1067 οαηοηίκαΐεε,
1845 1004 1980 1055 adeo
2024 1004 2242 1072 quidem

192 1097 251 1137 ut
318 1087 495 1137 textui
562 1088 896 1155 primigenio
948 1088 1061 1137 fere
1116 1087 1605 1156 aequipararentur,
1674 1087 1988 1156 neminique
2053 1087 2246 1139 liceret

190 1172 404 1240 privata
439 1170 768 1221 auctoritate
808 1171 1087 1239 quidpiam
1135 1171 1198 1220 in·
1236 1171 1314 1221 eis
1361 1178 1590 1222 mutare.

267 1253 475 1303 Ueteris
519 1254 761 1320 paribus,
806 1254 1006 1320 majore
1036 1253 1284 1320 gaudent
1313 1255 1642 1305 auctoritate
1674 1260 1729 1305 et
1758 1254 1935 1323 pretio
1967 1254 2245 1306 versiones

196 1340 247 1388 1⁰
289 1336 617 1405 antiquiores
663 1345 715 1387 et
765 1338 819 1386 2⁰
862 1337 1192 1387 'imn‘zedialce
1237 1337 1380 1405 (quae
1420 1338 1487 1387 ad
1529 1338 1708 1406 ipsum
1750 1344 1962 1389 textum
2003 1355 2244 1401 graecum

191 1423 483 1474 elaborata}
526 1422 788 1488 fuerunt).
842 1422 994 1472 Inter
1042 1440 1233 1472 omnes
1274 1441 1402 1474 vero
1442 1423 1611 1474 latina
1652 1430 1808 1475 vetus
1846 1442 1940 1474 seu
1978 1422 2147 1485 Itala,
2174 1423 2246 1472 >et

199 1509 432 1576 Vulquta
475 1515 642 1560 tantae
680 1517 809 1558 sunt
851 1509 1206 1576 praestantiae,
1252 1515 1312 1559 ut
1350 1509 1485 1559 nulli
1535 1510 1623 1559 alii
1669 1510 1781 1560 sint
1819 1509 2242 1578 posthabendas.

195 1593 483 1654 Praeterea,
515 1592 819 1658 generatim
851 1591 958 1642 dici
988 1599 1187 1659 potest,
1212 1592 1357 1643 inter
1381 1593 1656 1644 versiones
1686 1593 1998 1654 orientales,
2028 1591 2242 1660 AEgyp-

194 1675 366 1725 tiacas
396 1683 449 1724 et
483 1674 751 1743 Syriacas,
785 1675 928 1724 inter
967 1674 1337 1726 occidentales
1380 1694 1525 1738 vero,
1574 1675 1794 1726 Latinas
1836 1683 1889 1726 et
1933 1674 2242 1738 Gothicam,

194 1757 393 1808 ceteris
433 1758 799 1825 praeferendas
830 1776 967 1808 esse.
1650 1817 1655 1821 ¹

269 1841 577 1910 Praecipuas
626 1861 770 1893 nunc
820 1842 1225 1894 recensebimus
1272 1843 1550 1894 versiones
1597 1842 1851 1911 antiquas
1900 1841 1968 1892 N.
2018 1840 2079 1893 T.

796 2106 839 2155 I.
885 2105 967 2156 Vm
980 2123 1195 2156 astoms
1235 2123 1637 2158 OCCIDENTALES.

282 2306 328 2353 1⁰
374 2303 548 2354 Versio
587 2302 735 2352 Itala
776 2307 934 2362 vetus,
979 2323 1071 2355 seu
1115 2304 1291 2355 latina
1333 2303 1935 2372 (rante-Hieronymisma,
1966 2304 2151 2353 seculo
2178 2301 2237 2352 II

191 2387 247 2436 in
280 2386 467 2436 Africa
501 2386 898 2448 Proconsulari,
944 2393 1002 2436 ut
1043 2387 1279 2448 videtur,
1322 2388 1607 2449 confecta3
1653 2387 1807 2456 cujus
1850 2386 2067 2454 quidem
2099 2384 2243 2436 haud

192 2470 348 2538 pauci
402 2468 615 2519 codices
669 2487 804 2519 rarae
855 2471 1148 2520 vetustatis
1194 2470 1262 2520 ad
1312 2489 1412 2521 nos
1463 2478 1851 2539 pervenerunt.
1908 2469 1978 2518 Hi
2027 2467 2242 2518 codices

192 2553 430 2604 citantur
483 2569 580 2619 per
638 2552 821 2602 literas
876 2553 1160 2620 alphabeti
1216 2554 1571 2613 minusculas,
1628 2572 1678 2604 v.
1733 2572 1817 2621 gr.
1884 2552 1918 2602 d
1985 2551 2245 2619 designat

192 2635 432 2686 codicem
491 2634 990 2704 Cantabrv'yiensem
1037 2637 1463 2705 Evangeliorum
1515 2644 1570 2688 et
1619 2640 1874 2700 Actuum,
1923 2636 2105 2686 seculo
2158 2634 2244 2686 VI

193 2724 494 2769 exaratum.
808 2764 817 2773 ,

266 2802 319 2851 2⁰
358 2799 610 2867 Vu'yfflfst,
641 2818 760 2869 quae
801 2802 1007 2866 Romae,
1037 2822 1083 2854 a.
1116 2803 1240 2867 383,
1271 2823 1301 2854 a
1330 2823 1371 2856 s.
1408 2805 1745 2871 Hieronymo
1785 2802 1933 2853 edita
1971 2800 2094 2851 fuit.
2138 2799 2245 2850 Hic

192 2894 373 2934 autem
405 2901 445 2933 s.
482 2883 688 2934 Doctor
717 2902 911 2935 novam
942 2886 1246 2937 versionem
1279 2906 1385 2938 non
1419 2887 1591 2949 dedit,
1623 2885 1719 2936 sed
1749 2884 2004 2936 Veterem
2049 2882 2241 2933 Italam

192 2967 430 3018 correxit
486 2984 554 3015 ex
608 2975 766 3016 textu
830 2985 1032 3035 granO,
1099 2970 1401 3022 secundum
1468 2970 1704 3038 optimos
1771 2967 2006 3019 codices.
2076 2964 2244 3034 Cujus

195 3050 412 3118 quidem
443 3049 622 3116 operis
655 3050 1072 3118 Hieronymiani
1103 3053 1324 3121 plurimi
1353 3059 1573 3104 exstant
1601 3051 1816 3103 codices
1857 3046 2242 3118 antiquissimi,
2307 3087 2311 3089 μ

194 3152 243 3184 v.
285 3151 367 3199 gr.
412 3132 721 3184 Amiatinus
762 3142 817 3185 et
855 3134 1145 3186 Fuldensis
1194 3137 1357 3187 seculi
1392 3137 1473 3188 VI
1503 3145 1606 3188 etc.
1640 3133 2030 3186 Authenticam
2058 3135 2240 3182 autem

194 3215 451 3283 Vulgatae
483 3215 780 3267 editionem
811 3218 966 3268 dedit
1019 3218 1269 3270 Clemens
1300 3219 1445 3270 VIII
1475 3239 1522 3270 a.
1557 3220 1716 3279 1592,
1756 3217 1887 3268 1593
1927 3224 1981 3266 et
2026 3214 2180 3276 1598,
2212 3231 2243 3264 a

194 3316 300 3367 qua
338 3315 483 3363 saepe
525 3298 731 3362 differt,
771 3300 826 3350 in
868 3300 1032 3351 rebus
1075 3301 1298 3353 minoris
1340 3303 1622 3363 momenti,
1677 3300 1848 3351 editio
1899 3298 2042 3350 Sixti
2091 3296 2142 3346 V
2189 3314 2238 3348 a.

125 3402 129 3405 ’
196 3382 354 3432 1590.

268 3463 548 3516 Gothicam
576 3466 880 3517 versionem
921 3466 1010 3518 hic
1051 3467 1324 3520 adducere
1363 3488 1471 3522 non
1513 3471 1748 3538 oportet,
1777 3471 2066 3535 propterea
2094 3459 2242 3531 quo'd

192 3545 326 3599 nihi!
369 3544 436 3596 de
478 3547 715 3598 Actibus
755 3554 1024 3616 superest.

267 3628 569 3694 Slavonica,
616 3631 786 3682 seculi
834 3630 934 3682 IX.

2417 2851 2430 2914 δᾈμ.
2425 2805 2430 2818 ,.
2427 2779 2430 2782 i
