2430 4030
207 318 274 368 32
691 329 1042 364 INTRODUCTJO
1082 329 1136 362 IN
1177 327 1338 363 AC'I'US
1380 327 1770 363 APOSTOLORUM.

207 469 534 532 potestatem
576 467 669 513 aut
708 463 953 525 profanae
982 462 1312 531 eloquentiae
1340 461 1767 528 persuasionem,
1809 461 1907 512 sed
1947 479 2045 529 per
2085 461 2254 512 solam

209 545 415 596 Christi
469 545 812 595 efficientiam
868 544 1098 612 ejusque
1152 542 1619 611 supernaturalem
1671 543 1902 610 gratiam
1956 563 1966 594 :
2022 543 2257 611 legimus

207 629 348 678 enim
380 628 669 695 Evangelii
699 627 1142 695 praedicationem
1175 627 1241 676 ab
1275 625 1587 676 hominibus
1627 626 1835 694 ignotis
1862 631 1916 677 et
1943 627 2257 677 rudioribus

205 724 480 779 pax-actam
522 711 708 772 fuisse,
752 711 938 760 invitis
980 709 1192 761 Judaeis
1233 716 1289 759 et
1329 709 1655 777 gentilibus,
1688 709 1916 777 regibus
1957 716 2012 760 et
2053 710 2254 777 princi-

206 795 385 860 pibus,
437 795 622 856 xerbo,
679 794 1080 844 obsistentibus
1137 793 1243 843 illis
1298 793 1574 855 omnibus,
1629 793 1722 861 qui
1776 793 2010 842 humana
2055 794 2258 843 auxilia

207 884 465 945 praestare
532 883 801 945 poterant.
858 875 912 944 cs
969 876 1220 943 Apostoli
1274 882 1329 924 et
1384 874 1660 943 discipuli,
1727 882 1890 925 antea
1958 875 2138 946 timidi
2203 882 2258 926 et

206 962 411 1030 ignavi,
440 962 645 1012 invicto
678 962 911 1022 laetoque
940 961 1121 1010 animo
1151 959 1393 1027 pericula
1423 960 1632 1027 quaevis
1661 966 1716 1009 et
1747 961 1886 1010 mala
1913 960 2257 1027 gravissima,

207 1046 314 1095 imo
354 1061 480 1096 vero
521 1045 575 1095 et
616 1063 885 1096 carcerem
929 1051 983 1094 et
1025 1059 1272 1103 mortem,
1306 1043 1567 1108 leguntur
1610 1043 1844 1094 subiisse
1886 1061 1986 1112 pro
2029 1044 2259 1095 veritate

210 1128 496 1196 Evangelii
548 1128 767 1178 tuenda.
819 1127 972 1191 Quis,
1018 1127 1170 1188 cedo,
1220 1127 1459 1176 divinam
1510 1144 1615 1176 non
1672 1126 1879 1177 diceret
1933 1127 2258 1195 religionem

209 1219 292 1262 tot
358 1212 636 1280 tantisque
699 1211 946 1261 Veritatis
1006 1218 1061 1260 et
1127 1208 1474 1260 certitudinis
1539 1210 1762 1260 indiciis
1829 1210 2204 1261 confirmatam
2237 1211 2258 1262 ⁴?

210 1294 425 1359 Quanta
479 1295 650 1361 igitur
706 1293 962 1344 utilitatis
1022 1292 1394 1343 emolumenta
1446 1293 1501 1342 in
1558 1311 1613 1342 re
1667 1292 1981 1359 dogmatica
2036 1311 2104 1342 ex
2159 1293 2260 1345 hoc

207 1378 345 1429 libro
374 1379 655 1428 oriuntur!
702 1378 835 1442 Quae
878 1375 1098 1445 quidem
1126 1375 1255 1425 inde
1285 1377 1450 1426 etiam
1480 1383 1820 1438 accrescunt,
1863 1377 2009 1444 quod
2056 1377 2260 1428 nostris

206 1461 544 1529 temporibus
590 1461 833 1528 theologi
876 1458 1315 1527 praestantissimi
1346 1458 1527 1508 studio
1569 1458 1813 1510 historiae
1857 1459 2258 1523 ecclesiasticae,

206 1545 510 1612 praesertim
558 1543 868 1611 primitivae,
920 1542 1090 1591 multa
1136 1559 1258 1591 cum
1298 1541 1588 1607 diligentia
1626 1560 1744 1591 sese
1784 1541 2125 1609 impendant.

279 1627 333 1676 3⁰
363 1627 600 1676 Plurima
628 1627 791 1676 etiam
823 1627 876 1675 in
908 1644 969 1675 eo
1000 1632 1354 1675 recensentur
1384 1624 1510 1674 fidei
1539 1626 1915 1695 doctrinaeque
1945 1626 2260 1677 christianae

206 1698 557 1771 documenta,
602 1728 814 1759 necnon
860 1716 915 1758 et
957 1708 1339 1757 institutiones
1369 1714 1424 1758 et
1454 1708 1785 1758 monitiones
1814 1709 2258 1777 sapientissimae,

207 1811 327 1862 quae
355 1793 659 1860 praesertim
691 1791 1092 1852 sacerdotibus,
1143 1790 1432 1857 Evangelii
1475 1791 1841 1858 praeconibus,
1891 1791 2260 1859 suggerendae

206 1888 356 1926 sunt.
410 1876 660 1943 Exempli
710 1893 890 1936 causa,
938 1874 1183 1925 videmus
1229 1875 1371 1923 viam
1419 1874 1800 1944 rationemque
1854 1874 2105 1936 docendi,
2157 1892 2262 1943 qua

206 1959 442 2028 apostoli
471 1959 525 2008 in
558 1959 827 2008 tradenda
874 1958 1140 2024 religione
1185 1958 1266 2006 usi
1311 1964 1454 2020 sunt,
1499 1959 1860 2026 temporibus,
1891 1959 2023 2009 locis
2051 1964 2107 2008 et
2138 1975 2260 2026 per-

207 2043 356 2092 sonis
386 2044 546 2110 plane
575 2042 741 2094 fuisse
771 2040 1255 2092 accommodatam.
1277 2111 1280 2113 -
1302 2039 1391 2091 Sic
1432 2060 1460 2091 e
1502 2050 1684 2092 vetere
1714 2045 2066 2093 'I‘estamento
2095 2042 2260 2092 ratio-

209 2127 554 2188 cinabantur,
603 2144 726 2176 cum
773 2125 983 2176 <Iudaeis
1032 2112 1476 2175 demonstrarent
1517 2126 1708 2176 Jesurn
1754 2127 2096 2178 Nazarenum
2140 2143 2264 2176 esse

215 2228 401 2260 verum
436 2210 690 2260 Messiam
729 2210 818 2275 (cf.
848 2217 983 2260 orat.
1019 2207 1170 2258 Pauli
1201 2207 1252 2256 in
1285 2225 1479 2275 synag.
1512 2208 1751 2272 Pisidiae,
1780 2229 1898 2278 cap.
1928 2209 2095 2271 XIII,
2131 2209 2215 2274 16)
2244 2229 2258 2270 ς

212 2311 332 2342 cum
361 2300 548 2343 autem
578 2293 825 2343 ethnicos
872 2292 941 2342 ad
991 2291 1273 2342 Christ-um
1319 2305 1638 2342 convertere
1681 2294 1904 2356 vellent,
1934 2313 1964 2342 a
1992 2291 2261 2359 religione

209 2375 445 2426 naturali
476 2382 530 2426 et
560 2376 796 2426 humana
824 2375 1035 2425 ratione
1064 2373 1372 2442 praesertim
1415 2382 1741 2441 argumenta
1769 2376 2054 2444 petebant,
2104 2380 2164 2423 ut
2191 2374 2261 2423 ad

209 2460 547 2526 agnitionem
579 2459 735 2508 unius
766 2460 878 2509 veri
913 2458 1011 2507 Dei
1041 2475 1132 2506 eos
1164 2457 1395 2523 primum
1424 2457 1792 2524 perducerent
1826 2459 1915 2525 (cf.
1945 2465 2080 2509 orat.
2112 2457 2262 2506 Pauli

211 2542 364 2592 Pauli
394 2541 463 2590 ad
494 2542 816 2592 Atheniens.
848 2559 964 2609 cap.
993 2540 1183 2601 XVII,
1216 2541 1328 2605 22).
1377 2541 1600 2603 Deinde,
1631 2543 1771 2593 sicut
1801 2549 1954 2593 notat
1984 2560 2024 2592 s.
2060 2541 2260 2592 CHRYs.

215 2625 391 2692 (Hom.
426 2625 449 2674 l
483 2626 542 2675 in
570 2626 729 2691 Aca),
776 2626 1094 2676 sublimiora
1123 2624 1250 2674 fidei
1281 2625 1559 2692 dogmata,
1606 2645 1654 2677 v.
1700 2645 1783 2694 gr.
1831 2627 2033 2677 Christi
2063 2625 2259 2676 divini-

211 2721 396 2771 tatem,
427 2727 535 2758 non
565 2710 746 2759 statim
777 2708 1120 2759 auditoribus
1150 2707 1461 2770 tradebant,
1507 2709 1603 2759 sed
1633 2709 1754 2760 illos
1795 2729 1825 2759 a
1867 2708 2167 2760 minoribus
2194 2707 2263 2757 ad

211 2791 415 2858 majora
443 2792 642 2841 sensim
674 2791 1031 2852 extollebant,
1074 2804 1127 2840 et
1155 2808 1274 2840 sese
1303 2790 1436 2857 ipsis
1466 2790 1696 2842 multum
1724 2791 2186 2861 attemperabant.

285 2879 468 2942 Atque
509 2875 615 2925 illae
657 2875 873 2943 quidem
920 2875 1156 2924 rationes
1196 2882 1343 2936 sunt,
1392 2885 1593 2941 praeter
1636 2875 1767 2925 alias
1808 2875 2087 2943 plurimas,
2130 2891 2264 2943 quas

211 2957 430 3007 silentio
459 2957 772 3026 premimus,
799 2975 920 3024 quae
948 2956 1260 3006 sacerdotes
1289 2972 1477 3006 omnes
1508 2957 1736 3007 incitare
1766 2957 1972 3007 debent
2002 2963 2060 3008 ut
2089 2956 2260 3006 liben-

211 3048 295 3090 ter
322 3052 377 3091 et
407 3058 605 3107 magna
632 3040 799 3090 animi
828 3039 1181 3090 contentione
1211 3037 1396 3089 studio
1430 3041 1669 3089 Actuum
1700 3058 1755 3091 se
1787 3040 2026 3091 tradant.

447 3211 474 3276 ᾧ
519 3209 604 3259 20.
650 3208 920 3275 l‘roecipzci
962 3209 1188 3258 Actuum
1227 3208 1422 3259 codices
1460 3209 1618 3276 groeci
1659 3208 2029 3275 manuscr-illoti.

285 3355 464 3419 Quum
499 3347 803 3405 identidem
838 3355 894 3405 in
935 3356 1348 3417 commentario,
1393 3355 1487 3405 ubi
1530 3355 1596 3405 de
1634 3373 1762 3405 vera
1798 3354 2031 3404 lectione
2074 3352 2260 3421 dispu-

211 3447 377 3500 tatur,
429 3438 641 3506 antiqui
693 3437 910 3488 codices
964 3451 1149 3488 textus
1207 3438 1379 3506 graeci
1431 3445 1487 3488 et
1541 3439 1820 3489 versiones
1873 3436 2263 3488 vetustissimae

213 3529 384 3572 testes
437 3522 802 3582 invocentur-5
873 3540 1149 3589 quumque
1216 3522 1381 3572 etiam
1437 3521 1731 3590 aliquando
1787 3521 1992 3571 mentio
2045 3521 2141 3570 fiat
2193 3518 2262 3584 de

212 3603 378 3656 certis
431 3603 765 3654 editionibus
818 3602 1065 3670 ejusdem
1139 3609 1325 3654 textus
1374 3604 1543 3671 graeci
1593 3623 1602 3653 :
1662 3603 1794 3655 utile
1847 3602 1998 3665 duxi,
2057 3602 2109 3651 in
2160 3601 2262 3652 hoc
