2430 4030
229 317 261 367 8
702 331 1058 368 INTRODUCTIO
1099 331 1154 366 IN
1192 330 1353 368 AOTUS
1391 329 1792 367 APOSTOLORUM.

227 464 388 514 ratim
435 463 543 514 dici
588 470 791 532 potest,
842 466 1080 515 Actuum
1130 464 1333 515 librum
1388 466 1580 517 eodem
1627 464 1788 516 modo
1840 481 1898 516 se
1952 464 2152 515 habere
2203 463 2272 515 ad

227 548 606 616 Evangelium,
681 568 786 619 quo
853 551 1015 602 modo
1083 550 1185 602 hoc
1266 551 1445 620 ipsum
1508 551 1577 603 ad
1642 556 1801 603 vetus
1865 551 2276 602 Testamentum

225 633 515 686 referatur.

293 717 410 769 Nec
456 720 634 771 minus
688 726 835 789 recte
889 721 1029 772 liber
1082 722 1173 772 ille
1227 722 1475 790 epistolis
1524 740 1595 774 sS.
1649 722 2058 791 Apostolorum,
2109 727 2273 790 atque

222 805 489 873 imprimis
530 826 572 858 s.
619 808 788 870 Pauli,
829 808 933 859 fuit
973 809 1301 877 praepositus
1335 830 1345 861 :
1378 809 1568 860 harum
1611 810 1754 860 enim
1795 810 1945 861 velut
1973 809 2139 860 clavis
2168 814 2271 870 est,

220 894 275 938 et
319 888 654 940 introductio
698 890 1013 954 utilissima,
1063 893 1172 943 imo
1217 910 1347 944 vero
1394 892 1715 944 necessaria.

960 1048 987 1115 ᾧ
1032 1048 1082 1097 3.
1125 1046 1528 1114 Aryumsentum.

294 1183 698 1251 Argumentum
751 1182 1059 1234 historicum
1115 1191 1199 1235 est
1250 1206 1260 1236 :
1312 1185 1507 1253 incipit
1561 1185 1704 1236 enim
1760 1185 2000 1235 narratio
2054 1203 2084 1235 a
2136 1184 2271 1235 Jesu

221 1263 426 1316 Christi
466 1264 520 1314 in
564 1265 759 1315 coelum
802 1284 1048 1328 ascensu,
1079 1272 1134 1317 et
1165 1267 1445 1318 historiam
1493 1267 1909 1335 propagationis
1939 1259 2271 1335 evangelicae

217 1365 315 1416 per
353 1348 589 1415 spatium
631 1348 698 1398 30
741 1348 962 1399 circiter
1002 1367 1291 1413 annorum,
1334 1368 1506 1419 usque
1548 1350 1618 1401 ad
1661 1350 1814 1401 Pauli
1854 1351 2027 1418 prima
2057 1351 2274 1401 vincula

220 1429 482 1494 Romana,
522 1432 886 1500 persequitur.
930 1433 1052 1484 Non
1099 1437 1298 1496 tamen,
1349 1438 1407 1482 ut
1447 1434 1735 1498 inscriptio
1771 1434 1998 1483 innuere
2037 1433 2271 1496 videtur,

218 1513 585 1581 apostolorum
618 1515 859 1566 omnium
890 1516 1137 1567 continet
1177 1515 1482 1568 historiam.
1527 1516 1678 1566 Pauli
1722 1516 1942 1585 quidem
1974 1534 2057 1567 res
2087 1522 2273 1584 gestas

218 1596 353 1658 fuse,
410 1597 658 1664 quamvis
718 1616 828 1648 non
894 1599 1186 1667 complete,
1251 1599 1478 1667 exponit
1530 1605 1747 1663 auctor;
1806 1600 1872 1651 de
1929 1600 2089 1651 Petro
2144 1618 2272 1652 vero

217 1680 430 1742 parcior
476 1686 600 1744 est3
656 1681 722 1731 de
769 1682 835 1732 iis
884 1688 1088 1746 autem,
1140 1701 1260 1752 quae
1309 1701 1339 1733 a
1386 1684 1582 1734 ceteris
1637 1684 1897 1751 apostolis
1949 1689 2070 1734 acta
2123 1689 2270 1747 sunt,

216 1762 434 1813 nonnisi
471 1763 650 1814 obiter
692 1765 950 1833 loquitur,
995 1772 1049 1816 et
1091 1771 1202 1816 tam
1246 1783 1418 1834 pauca
1458 1766 1525 1816 de
1566 1766 1700 1834 ipsis
1741 1767 1928 1828 tradit,
1972 1772 2030 1816 ut
2070 1774 2273 1835 praeter

217 1845 514 1896 orationem
547 1865 706 1896 unam
737 1847 1035 1899 alteramve
1079 1847 1279 1899 Jacobi
1321 1848 1554 1899 Minoris
1601 1852 1739 1917 (cap.
1779 1848 1906 1911 XV,
1952 1850 2016 1899 13
2058 1855 2113 1899 et
2153 1867 2272 1916 cap.

216 1926 370 1991 XXI,
417 1929 529 1994 20),
578 1935 781 1995 praeter
829 1930 1030 1980 nudam
1082 1931 1418 1982 mentionem
1469 1931 1536 1981 de
1582 1938 1759 1982 morte
1807 1931 2002 1983 Jacobi
2049 1930 2273 1997 Majoris

221 2011 359 2078 (cap.
402 2010 535 2074 XII,
579 2012 657 2077 2),
699 2012 845 2062 nulla
885 2019 979 2063 aut
1029 2014 1142 2065 fere
1190 2014 1339 2065 nulla
1388 2013 1606 2065 habeat.
1656 2013 2047 2076 Nihilominus,
2103 2031 2271 2082 quum

216 2093 273 2143 in
326 2093 427 2143 hoc
480 2111 642 2162 opere
696 2095 943 2162 quaedam
999 2097 1360 2164 reperiantur,
1422 2114 1543 2164 quae
1603 2096 1677 2153 ‚ad
1742 2115 1930 2147 omnes
1994 2097 2271 2165 apostolos

216 2176 512 2245 pertinent,
564 2182 625 2227 ut
674 2178 968 2230 descensus
1021 2178 1261 2247 Spiritus
1312 2180 1506 2243 sancti,
1557 2180 1774 2230 concilii
1821 2180 2269 2248 Jerosolymitani

217 2261 529 2323 celebratio,
575 2266 713 2325 etc.;
766 2281 931 2331 quum
977 2263 1280 2332 praesertim
1340 2263 1523 2313 nullus
1568 2263 1706 2314 alius
1755 2263 1827 2314 sit
1873 2281 1915 2314 s.
1969 2262 2270 2331 Scripturae

215 2343 371 2407 liber,
426 2344 479 2394 in
535 2363 640 2413 quo
694 2346 826 2414 quid
880 2347 948 2398 ab
1003 2347 1269 2415 apostolis
1338 2351 1556 2413 gestum
1614 2347 1685 2396 sit
1740 2352 2023 2398 enarretur
2081 2367 2091 2398 :
2147 2346 2270 2397 ideo

215 2426 284 2477 ab
332 2426 730 2495 antiquissimis
771 2427 883 2495 jam
934 2428 1275 2497 temporibus
1329 2428 1748 2497 inscriptionem
1805 2447 1955 2480 suam
2011 2430 2270 2492 obtinuit,

217 2527 444 2578 eamque
473 2511 668 2562 merito
698 2513 1067 2563 conservavit.

292 2592 360 2643 Id
406 2598 586 2644 tamen
638 2594 1184 2646 animadvertendnm
1229 2602 1330 2657 est,
1389 2594 1671 2646 historiam
1725 2595 1881 2658 hanc,
1940 2595 2044 2646 etsi
2086 2595 2267 2647 omnia

218 2676 589 2743 apostolorum
630 2682 750 2728 acta
786 2696 893 2729 non
937 2684 1237 2740 recenseat,
1279 2677 1348 2728 ad
1391 2678 1532 2729 solas
1576 2696 1662 2729 res
1704 2683 1888 2747 gestas
1930 2697 2116 2731 eorum
2157 2698 2266 2732 non

218 2779 338 2813 esse
367 2763 706 2827 restrictam3
751 2765 848 2815 sed
887 2768 1086 2833 praeter
1126 2764 1264 2827 illas,
1306 2764 1374 2816 de
1414 2765 1532 2815 aliis
1575 2764 1782 2817 Christi
1823 2765 2108 2834 discipulis
2153 2766 2269 2836 (qui

215 2845 450 2911 apostoli
497 2846 687 2897 stricte
731 2846 867 2897 dicti
904 2864 1014 2897 non
1058 2845 1234 2912 erant)
1287 2846 1578 2898 nonnullas
1623 2848 1786 2898 etiam
1834 2848 1978 2900 tradi
2023 2849 2267 2902 notitiaS.

218 2926 374 2977 Adeo
415 2927 634 2996 quidem
674 2935 750 2991 ut,
791 2930 846 2978 in
888 2929 1222 2992 universum,
1265 2929 1507 2998 quinque
1547 2929 1815 2982 factorum
1855 2949 2061 3000 genera
2090 2931 2146 2983 in
2175 2932 2268 2984 illo

218 3008 360 3060 libro
389 3010 729 3078 distinguere
762 3011 923 3062 liceat
953 3033 962 3063 :

296 3094 348 3142 1⁰
388 3092 645 3157 Quaedam
691 3094 758 3144 ad
806 3113 995 3147 omnes
1038 3100 1287 3165 spectant
1328 3096 1646 3163 apostolos3

294 3177 349 3225 2⁰
389 3177 511 3227 Alia
556 3177 624 3228 ad
674 3178 911 3239 Petrum,
966 3185 1083 3229 tum
1138 3184 1199 3230 ut
1252 3178 1515 3231 Ecclesiae
1570 3185 1734 3249 caput
1785 3181 2263 3252 apostolorumque

220 3258 538 3327 principem,
583 3278 746 3329 quum
796 3267 856 3312 ut
903 3261 1221 3314 Judaeorum
1270 3262 1597 3330 peculiarem
1645 3262 2093 3331 praedicatorem,

292 3342 346 3392 3⁰
390 3342 625 3394 Plurima
672 3344 740 3395 ad
785 3363 827 3395 s.
881 3345 1125 3406 Paulum,
1174 3345 1467 3413 gentilium
1512 3346 1831 3409 doctorem3

291 3426 347 3475 4⁰
389 3425 672 3490 Praeterea,
728 3428 988 3479 nonnulla
1039 3428 1108 3479 ad
1161 3428 1295 3480 alios
1357 3429 1620 3497 quosdam
1675 3429 1920 3498 insignes
1978 3430 2265 3500 Evangelii

220 3507 516 3574 ministros,
571 3528 656 3562 ex.
710 3529 799 3580 gr.
856 3511 1180 3576 Barnabam,
1251 3512 1607 3581 Stephanum,
1676 3513 2006 3583 Philippum,
2076 3515 2262 3580 Silam,

223 3589 788 3659 Joannem-Marcum,
843 3600 988 3656 etc.;
