2430 4030
1019 371 1318 410 vssRAcl‘rAs.
2065 367 2068 371 ’
2107 367 2130 414 1
2142 363 2172 417 '7

143 521 263 554 rum
292 503 633 567 allexissent;
665 507 830 570 atque
857 503 992 554 adeo
1020 509 1322 572 postremos
1352 504 1503 556 Pauli
1530 505 1763 569 laboreS,
1791 515 1845 558 et
1874 508 2172 575 praesertim

143 585 444 655 gloriosum
487 585 604 654 ejus
648 603 770 637 cum
817 603 859 637 s.
905 585 1067 637 Petro
1111 587 1452 655 martyrium,
1501 588 1717 639 silentio
1764 589 2172 659 haudquaquam

143 670 608 739 praetermisisset.

215 754 273 802 4⁰
314 751 379 802 Id
419 769 595 819 genus
635 752 926 814 rationum,
957 769 1025 802 ex
1052 751 1172 820 ipso
1204 751 1342 802 libro
1372 752 1736 820 desumptum,
1778 754 1843 804 de
1884 754 2174 805 veracitate

143 833 380 884 auctoris
421 833 680 901 majorem
719 833 877 883 nobis
918 834 1125 901 ingerit
1162 833 1566 896 certitudinem,
1610 835 1824 902 quando
1864 853 1984 886 cum
2028 837 2173 903 Apo-

143 915 406 966 stolorum
438 915 672 966 Actibus
700 915 901 983 spuriis
930 915 1179 983 (quorum
1205 916 1360 983 plura
1389 916 1613 983 collegit,
1637 915 1935 983 Fabricius)
1962 934 2172 986 compa-

131 998 411 1052 'rationem
458 997 816 1048 instituimus.
865 997 931 1047 In
980 997 1100 1048 istis
1144 998 1288 1048 enim
1329 998 1457 1048 talia
1494 1001 1695 1066 passim
1739 999 2012 1066 leguntur,
2058 1017 2176 1068 quae

144 1087 361 1150 apertas
388 1080 645 1133 falsitatis
685 1086 843 1130 notas
884 1098 1000 1148 prae
1041 1098 1099 1130 se
1137 1080 1338 1144 ferunt,
1370 1086 1424 1132 et
1452 1081 1630 1150 qualia
1657 1082 1711 1132 in
1740 1087 1924 1132 nostra
1953 1081 2176 1132 Actuum

145 1164 286 1216 libro
330 1182 599 1232 nusquam
648 1169 964 1214 occurrunt.

221 1251 274 1301 5⁰
303 1250 687 1318 Aryumentum
717 1248 1057 1299 indirectum.
1106 1248 1162 1300 Si
1206 1248 1327 1317 quis
1368 1248 1664 1299 contendat
1704 1249 2018 1317 scriptorem
2062 1267 2178 1299 esse

147 1335 538 1402 apocryphum,
580 1332 868 1400 probabile
908 1337 1144 1398 tempus,
1186 1332 1339 1392 cedo,
1384 1349 1491 1400 quo
1518 1332 1704 1381 fictum
1735 1349 1869 1399 opus
1897 1332 2175 1399 vulgatum

149 1420 329 1482 fuerit,
373 1419 640 1486 assignet,
687 1418 731 1468 si
775 1418 970 1485 possit.
1017 1417 1162 1467 Num
1209 1417 1348 1467 forte
1393 1435 1511 1468 cum
1556 1417 1730 1467 adhuc
1769 1417 1820 1466 in
1864 1417 2000 1466 vivis
2038 1422 2180 1466 esset

149 1522 192 1555 s.
251 1501 499 1553 Paulus?
551 1503 625 1551 At
678 1519 807 1551 vero
862 1500 1071 1550 falsitas
1126 1501 1310 1550 statim
1368 1500 1561 1550 fuisset
1613 1500 1848 1550 detecta.
1904 1499 2179 1566 Numquid

151 1586 457 1636 'recentiore
517 1583 809 1652 tempore?
869 1582 974 1634 Sed
1029 1582 1122 1632 vix
1173 1582 1504 1650 intelligitur
1556 1581 1824 1650 quomodo
1877 1586 2079 1642 auctor,
2137 1580 2181 1630 si

150 1667 374 1739 aequalis
428 1687 536 1719 non
587 1669 802 1732 fuisset,
870 1674 977 1718 tam
1044 1674 1292 1718 accurate
1357 1667 1602 1718 novisset
1654 1671 1735 1716 tot
1789 1665 1873 1715 vel
1941 1664 2181 1714 minimas

151 1756 390 1807 locorum
436 1772 756 1823 morumque
785 1755 1024 1804 rationes
1065 1752 1366 1820 adjunctas,
1406 1752 1472 1802 de
1515 1752 1711 1819 quibus
1751 1769 1911 1818 supra
1950 1750 2182 1801 diximus

159 1840 282 1907 (sub
325 1841 422 1907 2⁰).
468 1839 700 1902 Deinde,
743 1840 787 1890 si
828 1838 957 1908 quid
999 1838 1311 1905 scripsisset
1352 1836 1494 1904 quod
1525 1835 1906 1886 traditionibus
1935 1834 2180 1884 ecclesia-

155 1943 273 1975 rum
327 1923 755 1992 particularium,
812 1922 866 1972 in
924 1922 1122 1990 quibus
1173 1920 1529 1987 praedicasset
1584 1918 1798 1979 Paulus,
1854 1916 2180 1967 contrarium

155 2007 370 2068 fuisset,
416 2025 540 2057 eum
588 2013 647 2056 ut
690 2011 967 2056 auctorem
1015 2003 1279 2055 divinitus
1318 2001 1641 2069 inspiratum
1691 2004 1836 2050 certe
1883 2017 1986 2050 non
2034 2015 2182 2048 acce-

157 2092 371 2160 pissent
398 2089 686 2141 christiani
716 2106 924 2140 omnes

231 2176 285 2226 6⁰
327 2173 570 2225 Tandem
624 2178 1007 2241 argumentum
1061 2168 1384 2237 neqativum.
1438 2166 1602 2218 Nulla
1654 2166 1914 2216 hactenus
1964 2163 2017 2212 in
2073 2165 2186 2212 toto

159 2258 317 2321 libro,
345 2256 433 2308 vel
459 2255 686 2318 falsitas,
716 2255 803 2306 vel
833 2253 1197 2322 repugnantia
1239 2255 1386 2301 certa
1426 2249 1651 2317 reperiri
1680 2247 1860 2314 potuit
1888 2267 1902 2308 ;
1946 2242 2185 2312 quamvis

159 2359 246 2392 res
298 2358 408 2391 non
455 2338 622 2390 semel
675 2343 888 2388 tentata
939 2336 1122 2386 fuerit.
1180 2335 1244 2383 In
1298 2334 1530 2383 decursu
1594 2330 1764 2381 nostri
1817 2324 2186 2378 commentarii

159 2423 486 2486 videbimus,
517 2422 713 2473 seriam
756 2419 1132 2471 difficultatem
1166 2435 1270 2467 non
1303 2433 1490 2484 parere
1519 2432 1579 2463 ea
1608 2429 1726 2480 quae
1754 2431 1783 2460 a
1811 2406 2185 2460 Rationalistis

161 2512 541 2576 opponantur3
583 2523 634 2557 v.
679 2523 762 2571 gr.
805 2521 835 2553 a
880 2503 953 2552 De
1001 2500 1180 2564 Wette,
1224 2499 1333 2568 qui,
1374 2498 1571 2566 partim
1612 2496 1663 2544 in
1710 2491 1917 2543 Introd.
1959 2490 2023 2540 ad
2064 2506 2187 2538 nov.

161 2590 308 2641 Test.
344 2587 634 2655 (Lehrbuch
662 2586 810 2638 der...
856 2584 1071 2636 Einleit.
1116 2602 1164 2633 u.
1208 2600 1249 2632 s.
1293 2600 1355 2630 w.
1399 2581 1451 2630 6e
1494 2581 1665 2645 Ausg.
1697 2575 1879 2625 Berlin
1915 2572 2094 2637 1860),
2134 2575 2188 2620 et

162 2673 363 2742 partim
414 2671 470 2721 in
517 2670 725 2722 Oomm.
780 2669 850 2720 ad
896 2671 1014 2718 Act.
1067 2667 1169 2733 Ap.
1223 2663 1413 2729 (Karza
1457 2659 1758 2724 Erklc'trunq
1812 2655 1901 2706 der
1948 2651 2187 2722 Apostol-

162 2753 466 2825 9eschichte.
516 2754 569 2804 30
618 2753 756 2804 Aufl.
805 2751 987 2819 Leipz.
1039 2747 1220 2813 J848),
1267 2744 1549 2814 sequentia
1592 2740 1780 2809 objicit
1826 2760 1835 2789 :

239 2838 371 2907 Cap.
416 2838 461 2902 I,
515 2837 581 2887 18
624 2837 816 2897 Lucas,
861 2834 954 2895 ait,
999 2837 1210 2901 pugnat
1258 2847 1378 2879 cum
1426 2825 1683 2876 Matthaeo
1723 2822 1776 2871 in
1819 2824 1990 2870 morte
2031 2814 2188 2866 Judae

165 2921 469 2984 narrand03
517 2937 634 2987 cap.
679 2917 746 2980 V,
791 2918 858 2967 36
903 2933 1008 2966 non
1057 2911 1295 2964 concinit
1338 2927 1455 2960 cum
1503 2907 1687 2956 Flavio
1730 2900 1986 2968 Josepho,
2036 2903 2091 2947 et
2134 2913 2190 2946 se

167 3003 417 3057 Judaicae
466 3003 712 3053 historiae
763 3001 1014 3068 ignarum
1070 2994 1328 3055 ostendit,
1382 3009 1500 3042 cum
1557 2987 1793 3055 loquitur
1845 2983 1910 3033 de
1958 2978 2226 3047 Theodae·

168 3086 451 3155 cujusdam
490 3085 825 3145 rebellione;
867 3099 982 3148 cap.
1026 3078 1123 3139 IX,
1166 3077 1195 3126 3
1239 3092 1378 3143 sqq.,
1407 3072 1525 3123 coll.
1556 3069 1740 3130 XXII,
1770 3066 1922 3156 4-42,
1953 3068 2007 3112 et
2034 3059 2188 3120 XVI,

106 3175 110 3180 ’
169 3170 322 3234 9-20,
375 3169 600 3221 sibimet
651 3168 768 3237 ipse
820 3166 1160 3224 adversatur,
1226 3158 1352 3208 dum
1423 3152 1571 3206 Sauli
1637 3162 2043 3202 conversmnem
2110 3147 2191 3192 ter

171 3253 452 3322 exponit,
517 3251 730 3303 notitiae
784 3245 1156 3316 bioqi’aphicOE,
1222 3257 1340 3309 quae
1410 3239 1527 3287 Act.
1592 3232 1689 3294 IX,
1746 3230 1827 3290 19,
1885 3228 1972 3290 23,
2026 3224 2190 3274 25-28

79 3331 85 3333 “
173 3337 482 3401 traduntur,
511 3335 799 3388 contrariae
826 3337 954 3384 sunt
982 3329 1048 3379 iis
1077 3343 1196 3395 quae
1225 3323 1340 3374 Gal.
1373 3321 1418 3382 I,
1451 3318 1613 3370 17-19
1646 3317 1936 3382 leguntur;
1979 3325 2092 3375 cap.
2123 3305 2191 3367 X,

173 3420 244 3471 28
284 3436 462 3471 mores
498 3418 815 3471 Judaeorum
855 3412 998 3465 haud
1039 3414 1185 3460 recte
1223 3402 1523 3471 cognoscit,
1566 3396 1778 3466 quando
1819 3392 1949 3443 dicit
1988 3386 2191 3439 Judaeis

175 3503 388 3555 licitum
451 3519 562 3553 non
625 3501 794 3551 fuisse
859 3514 981 3547 cum
1047 3487 1386 3556 alienigenis,
1448 3483 1607 3532 etiam
1664 3478 1767 3547 piis
1820 3481 1874 3525 et
1925 3467 2190 3536 religiosis

177 3593 455 3649 (σεθομενοις),
501 3583 838 3637 familiariter
882 3593 1082 3647 agere;
1127 3569 1346 3632 XVIII,
1390 3567 1421 3617 5
1466 3563 1609 3616 haud
1661 3556 1951 3627 concordat
1993 3569 2112 3602 cum
2162 3551 2182 3599 l

148 3647 368 3724 '‘Thess.
398 3670 507 3733 III,
548 3670 618 3731 23
659 3671 715 3718 et
753 3661 942 3724 XXII,
985 3657 1050 3710 17
1077 3655 1146 3708 ab
1173 3650 1401 3722 epistola
1438 3647 1506 3698 ad
1547 3644 1662 3696 Gal.
1706 3644 1752 3702 1,
1778 3632 1860 3690 '17
1902 3635 2187 3699 discrepat.
