2430 4030
0 3958 4 4030 ι
42 3950 229 4030 s.
287 4010 299 4012 i

1362 18 1367 25 ³
1488 0 2066 38 mfflssvww
2095 0 2197 32 “r-»1:³³
2212 0 2250 26 v*
2271 0 2335 35 w

573 329 772 366 PAULUS
810 327 984 366 cosm
1025 326 1287 364 swnnmo
1323 326 1809 366 szosommrANO.
2102 315 2201 365 231

236 467 269 504 *
313 463 502 516 Sciens
541 467 727 516 autem
774 461 973 512 Paulus
1012 461 1138 530 quia
1175 479 1284 512 una
1328 477 1454 530 pars
1499 465 1648 535 esset
1679 459 2124 527 Sadducaeorum,
2154 466 2256 514 et6

165 547 336 598 altera
383 546 804 607 Pharisaeorum,
855 542 1183 596 exclamavit
1229 544 1282 594 in
1333 543 1597 596 concilio:
1654 543 1775 595 Viri
1827 543 2044 609 frati-ee,
2101 563 2207 615 ego

171 630 478 682 Pharisaeus
544 648 683 692 sum,
736 629 883 679 filius
939 627 1357 688 Pharisaeorum,
1426 628 1493 678 de
1548 646 1645 697 spe
1698 634 1755 679 et
1808 629 2211 680 resurrectione

172 700 509 764 mortuorum
539 730 644 780 ego
666 711 904 779 judicor.
923 714 954 750 ²¹<
976 710 1047 760 Et
1075 728 1197 761 oum
1227 709 1344 762 haec
1374 709 1625 772 dixisset,
1656 711 1800 762 facta
1828 715 1913 762 est
1943 709 2211 762 dissensio
2237 720 2264 762 7

174 795 318 848 inter
368 794 676 847 Pharisaeos
723 799 778 846 et
825 792 1174 856 SadducaeOS‚
1220 803 1278 843 et
1320 792 1499 844 soluta
1527 799 1610 844 est
1640 792 1956 845 multitudo,
1997 795 2032 833 ³¹<
2077 791 2262 844 Sad-8

172 878 345 930 ducaei
391 877 536 928 enim
580 877 790 939 dicunt,
838 893 947 927 non
996 892 1116 926 esse
1164 875 1641 938 resurrectionem,
1699 893 1877 944 neque
1931 874 2211 943 angelum,

174 977 351 1029 neque
398 960 685 1027 spiritum:
739 958 997 1009 Pharisaei
1035 964 1217 1008 autem
1261 963 1491 1026 utraque
1530 957 1882 1010 confitentur.
1930 961 1962 997 ³¹<
2011 957 2263 1009 Factus9

172 1048 256 1093 est
293 1053 473 1093 autem
515 1041 719 1093 clamor
757 1058 1007 1108 magnus.
1054 1039 1125 1091 Et
1172 1045 1463 1107 surgentes
1513 1040 1735 1108 quidam
1792 1040 2216 1104 Pharisaeorum,

187 1253 343 1297 locum
377 1253 645 1298 suffectum.
680 1252 915 1297 Nonnulli
938 1253 1229 1308 interpretes
1264 1250 1332 1294 sic
1365 1250 1625 1306 explicant:
1653 1250 1910 1296 nesciebam
1941 1251 2096 1308 ipsum.
2127 1265 2219 1295 esse

178 1335 408 1366 summum
433 1322 710 1366 sacerdotem
736 1321 983 1375 (flandrice
1006 1320 1086 1364 dat
1113 1318 1182 1376 hij
1202 1319 1533 1376 Hooqpriester
1558 1319 1671 1374 was)
1685 1337 1700 1371 ;
1727 1324 1773 1364 et
1797 1334 1848 1364 re
1872 1320 2065 1377 quidem
2090 1334 2219 1371 vera,

179 1390 318 1434 facile
351 1391 456 1435 fieri
487 1391 647 1448 potuit
680 1397 734 1436 ut
774 1390 961 1442 Paulus,
987 1393 1184 1445 propter
1216 1388 1499 1432 diuturnam
1532 1389 1800 1434 absentiam
1835 1395 1883 1434 et
1915 1389 2219 1446 frequentem

184 1461 363 1503 summi
401 1461 642 1517 pontificis
683 1461 1015 1510 mutationem,
1048 1472 1156 1515 quae
1189 1457 1284 1501 ista
1316 1463 1461 1502 aetate
1495 1458 1740 1503 accidebat
1775 1458 1968 1512 (Joann.
2003 1458 2092 1510 XI,
2128 1459 2221 1511 49),

183 1529 343 1573 virum
368 1529 450 1573 illa
471 1536 696 1574 ornatum
721 1530 962 1585 dignitate
987 1527 1104 1570 facie
1127 1540 1222 1570 non
1246 1527 1544 1582 cognoverit.
1572 1527 1649 1571 Ad
1685 1528 1734 1570 id
1768 1534 1932 1572 autem
1958 1527 2087 1585 quod
2112 1541 2221 1571 con-

182 1597 337 1640 tendit
370 1596 468 1642 *De
507 1598 657 1649 wate,
692 1611 946 1653 personam
980 1595 1112 1640 illam
1153 1610 1208 1638 ex
1247 1595 1360 1638 sede
1400 1609 1545 1652 quam
1584 1596 1632 1638 in
1681 1596 1919 1653 Synedrio
1957 1596 2222 1653 occupabat

185 1664 396 1709 discerni
420 1666 659 1718 debuisse,
685 1673 784 1718 aut,
807 1671 861 1711 ut
886 1666 966 1709 alii
991 1665 1176 1715 dicunt,
1202 1678 1256 1707 ex
1281 1664 1499 1708 vestibus
1523 1665 1767 1709 distinctis
1793 1665 1968 1722 quibus
1995 1665 2221 1709 indueba-

186 1740 280 1786 tur,
304 1735 684 1791 respondemus:
716 1735 940 1793 Synedrii
973 1733 1228 1790 praesidem
1254 1733 1412 1787 (Nasi)
1438 1748 1534 1778 non
1568 1749 1758 1791 semper
1790 1735 1942 1779 fuisse
1975 1749 2220 1779 summum

186 1804 503 1857 sacerdotem3
528 1811 688 1849 vestes
716 1811 877 1850 autem
902 1804 1157 1847 distinctas
1180 1802 1421 1847 adhibitas
1447 1802 1599 1848 fuisse
1618 1804 1920 1849 solummodo
1938 1804 1998 1848 ad
2015 1805 2222 1850 functio-

183 1889 269 1918 nes
293 1887 451 1918 sacras
475 1875 524 1918 in
547 1874 746 1931 Templo
767 1874 1099 1931 perficiendas.

249 1943 494 1988 Semnum
516 1957 595 1988 EST
618 1957 752 1988 ENIM.
778 1943 942 1988 Nexus
968 1951 1070 1987 est:
1097 1943 1135 1986 si
1163 1942 1453 1999 dignitatem
1487 1942 1589 1999 ejus
1621 1945 1974 2001 cognovissem,
1997 1958 2093 1989 non
2123 1950 2220 1989 tam

188 2012 310 2057 dure
334 2012 395 2056 ad
420 2027 528 2057 eum
551 2014 740 2058 locutus
766 2014 992 2064 fuissem
1018 2013 1250 2069 scriptum
1278 2019 1351 2058 est
1375 2014 1500 2057 enim
1529 2015 1578 2057 in
1603 2014 1753 2059 Exod.
1775 2014 1944 2067 XXII,
1968 2014 2023 2058 28
2053 2033 2062 2059 :
2083 2014 2222 2059 Prin-

188 2081 283 2138 cipi
310 2082 474 2139 populi
514 2082 583 2127 tui
623 2098 717 2127 non
752 2083 1007 2128 maledices.
1045 2082 1149 2137 Quo
1188 2087 1344 2126 autem
1388 2097 1533 2127 sensu
1576 2084 1811 2140 Apostolo
1848 2083 2035 2128 licitum
2075 2083 2224 2129 fuerit

190 2151 374 2195 homini
401 2152 524 2196 male
546 2152 816 2208 imprecari,
839 2153 1129 2209 explicatum
1152 2151 1243 2195 fuit
1269 2166 1428 2206 supra,
1452 2167 1554 2210 cap.
1582 2153 1722 2204 VIII,
1751 2153 1818 2197 20.

252 2220 292 2263 6.
325 2219 506 2278 Magna
538 2236 646 2265 cum
681 2221 828 2265 animi
863 2221 1135 2277 praesentia,
1168 2220 1308 2264 aliam
1341 2220 1634 2265 defensionis
1667 2222 1796 2266 viam
1829 2222 1996 2266 statim
2027 2221 2223 2278 arripit3

187 2293 332 2346 atque
357 2289 462 2333 ideo
488 2290 610 2335 bona
636 2291 842 2347 quadam
869 2290 1025 2334 utitur
1043 2296 1161 2340 arte,
1179 2294 1249 2340 ut,
1267 2303 1424 2332 coram
1444 2289 1898 2347 iniquisjudioibus‚
1918 2290 1999 2346 qui
2019 2288 2223 2332 liberam

189 2359 231 2401 ci
253 2357 499 2415 negabant
524 2360 799 2404 facultatem
835 2359 1025 2403 dicendi
1051 2372 1260 2410 causam,
1288 2359 1613 2404 incolumitati
1647 2374 1748 2404 suae
1782 2360 2016 2404 consulat.
2044 2358 2226 2402 Exem-

188 2439 334 2471 MAvi'r
357 2445 367 2472 ε
393 2429 489 2474 alta
522 2444 636 2475 voce
668 2430 717 2473 id
749 2430 884 2480 dixit,
920 2442 973 2473 nt
1005 2442 1168 2472 omnes
1202 2428 1348 2472 verba
1383 2443 1468 2472 sua
1502 2429 1650 2486 probe
1681 2430 1921 2473 audirent.
1946 2429 2225 2472 PHAmsAEUs

191 2509 284 2540 SUM
308 2515 316 2541 ε
340 2498 522 2555 absque
555 2499 652 2543 ullo
687 2499 934 2542 mendacio
967 2498 1014 2541 id
1044 2497 1272 2551 affirmat;
1307 2511 1436 2550 nam,
1470 2498 1876 2555 quemadmodum
1910 2497 1959 2542 id
1991 2498 2226 2553 temporis

192 2566 372 2623 Legem
396 2568 551 2612 adhuc
575 2569 832 2614 observare
856 2569 1042 2620 licebat,
1060 2568 1127 2611 ita
1150 2568 1294 2611 etiam
1320 2568 1712 2621 Pharisaismum,
1731 2567 1859 2626 quod
1887 2582 1971 2624 per
1996 2582 2046 2611 se
2070 2567 2227 2611 lauda·

193 2635 286 2679 bile
310 2642 411 2682 erat
433 2638 734 2690 institutum,
755 2638 970 2695 profiteri
994 2637 1121 2681 haud
1143 2638 1275 2681 nefas
1304 2645 1428 2690 erat3
1453 2638 1625 2682 deinde
1645 2639 1713 2682 ita
1730 2653 1780 2682 se
1799 2653 1826 2682 a
1847 2637 2228 2681 Sudducaeorum

194 2707 510 2752 naturalismo
534 2714 582 2752 et
607 2708 854 2765 impietate
883 2722 1080 2765 prorsus
1113 2709 1326 2752 alienum
1361 2723 1464 2752 esse
1501 2709 1860 2765 pronuntiabat.
1889 2707 2042 2752 Addit
2067 2713 2229 2751 autem

193 2787 342 2818 rimus
372 2775 745 2827 PHARISAEORUM,
770 2784 823 2820 ut
849 2777 1056 2820 declaret
1077 2777 1171 2821 ista
1194 2777 1455 2821 strictioris
1480 2777 1798 2822 observantiae
1826 2791 1966 2820 sensa
1992 2776 2082 2820 sibi
2110 2787 2227 2820 tam-

193 2859 335 2900 quam
361 2846 552 2891 familiae
576 2847 886 2891 traditionem
907 2847 1018 2891 olim
1035 2846 1138 2902 jam
1163 2847 1316 2891 indita
1340 2848 1508 2900 fuisse,
1534 2850 1672 2904 quasi
1695 2863 1747 2892 ea
1772 2862 1881 2892 cum
1907 2847 2075 2890 matris
2106 2847 2230 2890 lacte

194 2915 416 2967 suxisset,
439 2916 578 2972 quasi
600 2916 765 2960 eadem
787 2918 834 2959 in
860 2931 1051 2961 earnem
1078 2921 1124 2959 et
1149 2917 1437 2971 sanguinem
1466 2932 1608 2961 suum
1635 2924 1985 2974 penetrassent.

253 2984 328 3028 DE
351 2997 431 3028 SPE
454 2998 510 3028 ET
532 2997 912 3029 RnsURRECTmNE
935 2996 1228 3028 MORTUORUM
1247 2985 1424 3042 :aliqui
1451 2987 1600 3040 (Beel.
1627 2989 1735 3040 etc.)
1762 3001 1846 3043 per
1868 2984 2136 3030 hendiaden
2163 2986 2231 3028 sio

196 3053 434 3110 explicant
458 3072 467 3098 ε
492 3053 545 3097 de
577 3068 652 3110 spe
683 3053 1041 3098 resurrectionis.
1066 3053 1248 3098 Verum
1284 3055 1459 3098 melius
1493 3057 1559 3099 ita
1582 3073 1590 3099 ε
1617 3055 1670 3098 de
1702 3070 1796 3112 spe,
1823 3069 1886 3098 sc.
1911 3055 1961 3098 in
1986 3053 2230 3106 Messiam,

197 3126 239 3167 et
260 3122 314 3166 de
333 3121 542 3167 doctrina
565 3124 685 3168 circa
710 3123 1099 3167 resurrectionem.
1119 3122 1178 3164 In
1202 3130 1406 3179 utroque
1433 3123 1666 3168 doctrinae
1689 3123 1845 3179 capite
1870 3123 2048 3167 Paulus
2072 3131 2234 3166 assen-

199 3192 414 3238 tiebatur
438 3193 696 3238 Pharisaeis
718 3199 887 3238 contra
913 3191 1216 3244 SadducaeOS,
1234 3192 1329 3235 nisi
1347 3193 1476 3248 quod
1499 3193 1602 3249 ipse
1625 3193 1854 3238 Messiam
1869 3193 1964 3250 jam
1983 3193 2235 3237 advenisse

199 3262 430 3314 crederet,
461 3262 689 3307 Pharisaei
712 3278 826 3309 vero
849 3276 958 3307 eum
982 3261 1136 3306 adhuc
1160 3268 1522 3318 exspectarent.

258 3331 300 3374 8.
329 3330 610 3375 SADDUCAEt:
634 3333 693 3376 cf.
717 3340 879 3376 annot.
901 3331 960 3374 ad
983 3331 1070 3383 IV,
1098 3332 1136 3374 1.
1165 3354 1218 3361 —
1244 3330 1476 3385 UTRAQUE
1506 3351 1515 3375 ε
1541 3346 1728 3376 errores
1767 3331 2138 3376 Sadducaeorum
2173 3331 2236 3375 ad

202 3400 297 3445 duo
322 3401 564 3458 praecipua
588 3402 745 3458 capita
770 3410 1084 3446 revocantur:
1109 3401 1323 3445 animum
1351 3416 1444 3446 non
1476 3416 1581 3446 esse
1618 3402 1957 3454 immortalem,
1981 3402 2238 3458 nullosque

204 3469 410 3514 existere
434 3471 637 3526 spiritus
663 3477 868 3515 creatos,

265 3542 304 3585 9.
339 3541 537 3597 QUIDAM
570 3543 943 3595 Pfflmszssosum,
977 3542 1069 3594 vel,
1103 3547 1158 3586 ut
1188 3541 1333 3586 habet
1365 3543 1458 3587 alia
1491 3543 1632 3588 lectio
1667 3542 1958 3598 probabilior
1989 3557 2016 3586 a
2047 3541 2236 3586 *Thoen

203 3610 447 3667 adoptata,
487 3610 662 3656 Soribae
697 3611 849 3668 partis
888 3610 1236 3655 Pharisaeorum
1275 3610 1356 3664 (du.
1395 3612 1525 3668 parii
1564 3612 1639 3655 des
1693 3611 1984 3659 Phariseens)
2031 3630 2042 3653 :
2087 3627 2234 3668 quum
