2430 4030
544 292 699 353 sAum'
735 316 1026 352 convmsssm
1067 317 1130 352 ΕΤ
1168 316 1482 356 APOSTOLICA
1523 319 1760 357 vocAzrio.
2073 307 2168 358 121

59 468 86 506 ’.
112 457 315 509 autem
359 451 626 506 videntes,
685 453 718 490 *
774 449 1026 502 Surrexit
1073 455 1255 502 autem
1303 450 1497 503 Saulus
1542 452 1608 503 de
1652 459 1813 517 terra,
1859 455 2226 525 apertisques

71 559 82 571 ²
120 535 301 590 oculis
347 533 483 586 nihil
523 532 766 586 videbat.
814 531 903 583 Ad
950 550 1143 584 manus
1190 538 1373 584 autem
1439 523 1590 587 illum
1656 536 1954 600 tiahenteS,
2006 538 2173 590 intro-

71 639 88 670 ‚¹
137 619 408 672 duxerunt
454 616 799 668 Damascum.
851 619 884 655 ³¹<
933 614 1005 665 Et
1048 620 1165 666 erat
1210 616 1288 666 ibi
1332 616 1508 669 tribus
1551 618 1745 670 diebus
1800 638 1908 671 non
1965 620 2227 685 videnS,9

137 710 192 756 et
238 708 343 754 non
389 698 760 761 manducavit,
808 714 985 765 neque
1036 697 1197 750 bibit.

128 786 131 787 ⁷
207 788 240 825 *
267 783 400 835 Erat
428 787 608 833 autem
641 779 863 852 quidam
912 780 1220 848 discipulus
1269 781 1523 834 Damasci
1562 783 1782 833 nomine
1814 784 2054 837 Ananias
2081 805 2092 837 τ
2123 791 2178 837 et
2203 796 2257 836 1ο

20 891 46 924 25
93 867 274 919 ,dixit
298 865 367 917 ad
394 865 547 916 illum
575 865 632 915 in
663 863 782 915 visu
830 863 1125 914 Dominus:
1174 864 1409 915 Anania.
1457 866 1532 916 At
1575 865 1666 915 ille
1710 866 1818 917 ait:
1866 866 2009 917 Ecce
2054 884 2178 936 ege,

138 949 383 1002 Domine.
415 952 447 988 ²¹<
477 947 548 998 Et
589 946 856 997 Dominus
900 945 970 996 ad
1017 964 1175 998 eum:
1228 947 1425 1015 Surge,
1474 954 1530 999 et
1576 949 1712 999 vade
1758 949 1813 999 in
1853 949 2055 1013 vicum,
2087 950 2179 1020 qui
2205 963 2256 1001 11

137 1038 356 1085 vocatur
382 1035 564 1082 rectus
590 1049 600 1081 :
648 1036 706 1079 et
734 1046 918 1097 quaere
946 1028 1002 1078 in
1033 1028 1194 1079 domo
1224 1028 1385 1080 Judae
1417 1029 1638 1081 Saulum
1669 1030 1906 1092 nomine,
1946 1030 2178 1082 Tarsen-

137 1134 282 1169 sem:
327 1132 452 1167 ecce
494 1114 640 1165 enim
684 1118 822 1164 orat.
880 1112 934 1178 (ss
967 1112 1036 1163 Et
1065 1112 1206 1163 vidit
1234 1112 1410 1164 virum
1442 1114 1710 1164 Ananiam
1739 1115 1978 1178 nomine,
2005 1114 2177 1166 intro·
2205 1127 2258 1165 12

138 1205 373 1261 euntem,
397 1203 452 1250 et
473 1199 851 1266 imponentem
875 1196 980 1247 sibi
1006 1213 1195 1246 manus
1227 1203 1286 1246 ut
1315 1198 1489 1247 visum
1519 1198 1788 1266 recipiat.)
1817 1202 1849 1237 >¹<
1874 1197 2181 1267 Respondit
2205 1215 2258 1253 13

137 1289 316 1336 autem
347 1282 614 1333 Ananias:
650 1281 900 1344 Domine,
930 1280 1115 1332 audivi
1145 1299 1174 1330 a
1204 1280 1390 1331 multis
1421 1280 1487 1331 de
1518 1282 1630 1332 viro
1660 1281 1779 1344 hoc,
1813 1288 2016 1350 quanta
2045 1283 2182 1334 mala

193 1471 235 1515 8.
269 1471 574 1523 APERTISQUE
607 1482 782 1513 conns.
818 1469 946 1513 Cave
983 1483 1043 1512 ne
1085 1468 1336 1512 existimas
1373 1468 1509 1512 Pauli
1544 1468 1704 1513 oculos
1739 1469 1972 1514 hactenus
1995 1469 2181 1514 clausos

138 1541 299 1593 fuisse,
323 1539 524 1597 ideoque
547 1555 722 1598 corpus
764 1539 884 1584 Jesu
924 1539 1195 1596 gloriosum
1230 1539 1288 1582 ab
1322 1539 1427 1594 ipso
1462 1539 1614 1583 videri
1637 1555 1731 1583 non
1758 1541 1992 1597 potuisse,
2017 1554 2183 1599 quum,

141 1617 388 1670 postquam
413 1613 686 1667 aperuisset
710 1612 893 1662 oculos,
917 1611 1106 1654 dicatur
1131 1609 1281 1653 fuisse
1303 1623 1472 1653 caecus.
1509 1610 1611 1654 Ista
1636 1611 1876 1654 sententia
1902 1610 2022 1654 falsa
2046 1611 2183 1665 plane

85 1719 90 1721 2
141 1687 293 1727 esset:
319 1696 475 1739 graece
501 1681 630 1725 enim
655 1681 872 1738 legitur:
908 1698 1168 1734 ανεανγμενων
1210 1684 1250 1722 δε
1287 1698 1365 1722 των
1406 1686 1642 1734 οφθαλμων,
1682 1695 1777 1724 non
1810 1695 1924 1724 Vero
1955 1685 2111 1730 ανοιξας
2144 1685 2185 1723 δε

140 1769 226 1796 τους
264 1757 504 1806 οφθαλμους.
554 1749 737 1795 Sensus
779 1751 934 1807 igitur
976 1756 1076 1793 est:
1119 1764 1410 1807 quamquam
1443 1751 1599 1805 aperti
1632 1756 1680 1793 et
1712 1765 1808 1793 non
1841 1749 1989 1794 clausi
2022 1756 2185 1793 essent

139 1822 262 1866 oculi
283 1822 399 1878 ejus,
422 1822 604 1866 factum
629 1826 702 1865 est
727 1827 797 1873 ut,
823 1821 905 1879 qui
934 1821 1103 1865 Jesum
1128 1826 1441 1875 conspexerat
1468 1820 1715 1872 hactenus,
1757 1834 1927 1876 nempe
1955 1820 2183 1877 quamdiu

140 1891 426 1949 colloquium
449 1906 559 1935 cum
581 1891 688 1948 ipso
715 1891 937 1942 habebat,
979 1906 1087 1935 eum
1126 1891 1335 1948 amplius
1374 1905 1468 1934 non
1502 1891 1703 1942 videret,
1737 1891 2055 1948 caligantibus
2081 1891 2183 1947 jam

140 1959 241 2018 ejus
281 1961 446 2013 oculis,
483 1961 541 2005 ob
583 1962 864 2005 continuam
903 1961 1320 2018 clarissimamque
1355 1960 1509 2004 lucem
1543 1975 1567 2004 e
1600 1960 1816 2017 fulgente
1847 1974 2042 2017 corpore
2067 1960 2186 2004 Jesu

64 2079 69 2089 s
141 2030 348 2086 glorioso
382 2045 616 2088 sparsam.

127 2145 137 2147 ,
201 2100 271 2145 10.
306 2100 534 2152 ANANIAS,
553 2101 627 2144 cui
655 2100 852 2158 egregia
878 2101 981 2144 laus
1008 2101 1246 2145 tribuitur
1274 2100 1322 2143 in
1350 2100 1452 2144 loco
1479 2099 1707 2156 parallelo
1729 2098 1895 2151 XXII,
1915 2099 1985 2142 12.
2009 2099 2186 2143 Secun-

143 2168 256 2214 dum
282 2171 526 2228 antiquam
552 2170 862 2215 traditionem
885 2185 1013 2214 unus
1040 2178 1145 2214 erat
1173 2185 1197 2214 e
1224 2171 1279 2215 72
1314 2170 1564 2226 discipulis
1601 2170 1812 2221 Domini,
1855 2174 1902 2213 et
1935 2169 2184 2225 Martyrol.

144 2238 280 2284 Rom.
303 2239 379 2283 die
404 2241 460 2283 25
487 2239 595 2284 Jan.
623 2254 733 2284 eum
761 2249 816 2283 ut
843 2246 1107 2298 martyrem
1133 2241 1263 2284 colit.

199 2309 268 2352 11.
305 2307 361 2352 IN
395 2321 575 2353 VIGUM:
609 2329 682 2362 την
707 2315 847 2364 ῥυμην,
873 2310 1013 2361 viam,
1040 2324 1191 2365 germ.
1231 2309 1430 2360 Strasse,
1466 2309 1620 2354 Gasse.
1657 2307 1929 2351 Hodiedum
1962 2308 2183 2351 Damasci

143 2375 344 2422 habetur
380 2379 457 2423 via
494 2393 602 2435 quae
638 2379 781 2423 Recta
819 2384 1021 2424 vocatur
1062 2380 1138 2433 (ab
1172 2379 1414 2436 aliquibus
1448 2379 1517 2423 ita
1547 2386 1759 2429 vocatur,
1789 2378 1871 2421 sed
1895 2378 2061 2421 incolae
2082 2391 2185 2420 eam

105 2506 110 2509 .
144 2449 390 2492 nominant
413 2464 494 2493 rue
514 2449 591 2493 des
613 2450 806 2502 Βακανε,
847 2456 973 2494 teste
998 2449 1248 2508 *Stanlfffl
1288 2449 1335 2494 S.
1364 2449 1460 2493 and
1485 2449 1629 2504 Pam,
1667 2449 1828 2506 ibique
1851 2448 2020 2492 domus
2044 2447 2184 2491 Judae

145 2518 415 2563 ostenditur
455 2520 558 2573 (sed
598 2522 646 2563 in
689 2522 782 2564 ista
822 2522 899 2564 via
939 2520 1088 2564 Recta
1133 2521 1225 2564 sita
1262 2535 1359 2563 non
1404 2525 1492 2571 est,
1531 2520 1598 2563 ait
1638 2518 1896 2570 *PocockQ
1933 2519 2103 2571 Τναυ).
2129 2541 2183 2548 —-

151 2590 336 2642 Parem,
359 2590 538 2636 Ciliciae
561 2601 719 2650 caput,
743 2594 801 2637 ad
826 2593 1006 2636 flumen
1032 2593 1273 2650 Cydnum,
1309 2592 1425 2636 urbs
1451 2591 1597 2636 libera
1625 2592 1743 2644 (suis
1767 2591 1953 2647 legibus
1978 2590 2184 2647 propriis

148 2659 404 2716 obediens),
422 2677 516 2707 non
544 2669 701 2708 tamen
726 2664 834 2721 jure
852 2664 1064 2708 civitatis
1085 2663 1316 2708 Romanae
1335 2663 1512 2707 donata
1536 2663 1664 2715 (vide
1688 2663 1810 2705 infra
1831 2668 1991 2706 annot.
2018 2661 2183 2711 XXII,

63 2718 66 2723 ⁸
102 2760 107 2764 -
147 2729 236 2784 28).
260 2730 350 2775 Illa
373 2737 515 2776 aetate
540 2734 880 2778 celeberrimas
905 2734 1110 2778 habebat
1137 2733 1339 2784 scholas,
1364 2735 1413 2775 in
1439 2733 1614 2789 quibus
1641 2732 1792 2775 literae
1815 2737 1862 2776 et
1884 2731 2184 2788 philosophia

148 2798 421 2844 Graecorum
464 2817 639 2858 magno
681 2803 844 2847 studio
882 2803 1176 2855 colebantur,
1215 2802 1333 2846 adeo
1374 2801 1567 2858 quidem
1606 2809 1659 2845 ut
1702 2801 1875 2845 Strabo
1918 2801 1957 2851 I,
1992 2801 2046 2843 14
2078 2814 2182 2843 eam

101 2910 105 2913 Α
146 2869 350 2915 Athenis
373 2878 420 2916 et
446 2874 751 2918 Alexandriae
773 2885 1033 2931 comparet.

203 2939 332 2984 Eccn
363 2954 486 2986 ΕΝΙΜ
516 2955 648 2986 ORAT.
682 2943 758 2987 Ne
791 2945 961 2988 timeas
985 2957 1095 2986 eum
1123 2942 1317 2994 audire3
1360 2957 1470 2984 nam
1497 2944 1628 2986 totus
1654 2945 1868 2985 mutatus
1892 2944 1993 2984 est:
2033 2940 2181 2996 preci-

63 3002 74 3069 Ἰ
147 3009 236 3054 bus
258 3024 387 3055 nunc
408 3018 558 3064 vacat,
597 3027 694 3058 non
710 3013 811 3070 jam
837 3014 1128 3057 christianos
1153 3026 1324 3056 vexare
1349 3013 1560 3056 molitur.
1595 3011 1809 3054 Ananias
1836 3016 1994 3054 tamen
2018 3010 2182 3055 verbo-

36 3071 39 3074 ’
67 3136 70 3139 ι
95 3103 97 3106 ·
146 3091 254 3122 rum
275 3093 470 3123 sensum
493 3095 589 3124 non
613 3082 781 3126 statim
803 3082 1031 3132 advertit,
1056 3086 1110 3124 ut
1133 3081 1378 3136 colligitur
1402 3094 1456 3123 ex
1484 3095 1525 3123 v.
1552 3079 1606 3123 13
1630 3085 1676 3123 et
1701 3081 1768 3122 14.

207 3148 276 3192 12.
322 3147 484 3201 Multi,
531 3165 641 3194 cum
689 3151 918 3207 Vulgata,
970 3151 1234 3206 opinantur
1281 3149 1411 3193 hunc
1459 3163 1655 3192 versum
1705 3162 1810 3192 esse
1856 3148 2182 3204 parenthesim

91 3233 99 3249 τ
147 3214 438 3271 historicam,
481 3219 530 3263 in
577 3234 671 3277 qua
719 3235 759 3264 s.
805 3221 962 3264 Lucas
1010 3227 1176 3263 narrat
1224 3218 1424 3262 Saulum
1468 3218 1635 3262 eodem
1682 3223 1899 3274 tempore
1949 3218 2180 3261 visionem

87 3296 90 3316 ³
147 3285 404 3332 habuisse:
430 3290 531 3342 sed,
555 3291 597 3333 si
621 3291 688 3334 ita
715 3297 860 3342 esset,
884 3298 995 3334 ante
1027 3289 1144 3334 vidit
1167 3289 1388 3333 additum
1422 3289 1594 3332 fuisset
1621 3303 1757 3343 pron.
1784 3287 1869 3341 hic,
1893 3293 2016 3333 οὑτος.
2055 3289 2185 3345 Ergo

147 3354 291 3400 verba
327 3367 442 3403 sunt
475 3358 686 3412 Domini,
727 3360 904 3416 quibus
941 3359 1140 3404 Ananiae
1180 3358 1387 3414 explicat
1427 3356 1627 3401 Saulum
1670 3356 1730 3401 ad
1764 3371 1873 3401 eum
1912 3357 2033 3401 bene
2070 3358 2183 3401 reci-

80 3425 378 3494 ,inondum
403 3426 640 3472 divinitus
665 3436 996 3486 praeparatum
1019 3429 1183 3472 fuisse.

110 3488 166 3546 ‘5⁷
208 3494 278 3539 13
308 3497 522 3542 Ananias
543 3513 640 3543 non
665 3508 764 3544 tam
789 3515 839 3544 se
864 3501 1120 3544 timentem
1154 3500 1237 3552 (ss.
1273 3498 1401 3554 Aug.
1436 3501 1485 3541 et
1518 3497 1711 3554 Chiys.)
1746 3511 1889 3554 quam
1921 3498 2182 3542 attonitum

83 3564 378 3633 ostendit,
403 3580 469 3610 sc.
491 3567 552 3611 ad
577 3568 722 3612 talem
744 3569 905 3613 virum
930 3583 981 3612 se
1001 3583 1029 3612 a
1051 3568 1152 3613 Deo
1176 3567 1320 3612 mitti.
1345 3567 1539 3619 Aun1v1,
1563 3574 1695 3611 certe
1713 3566 1773 3610 ab
1806 3566 1864 3610 iis
1897 3566 1980 3623 qui
2016 3566 2182 3609 Hiero-

135 3615 351 3692 {solymis
372 3634 663 3682 Damascum
685 3639 992 3696 aufugerant.
