2430 4030
19 952 39 983 sp,
10 853 55 938 33:31*-
13 751 45 834 «ἐή-ι’
11 724 23 734 „¹
14 656 17 658 ’

45 898 54 909 ’·
46 853 50 866 ·>
46 788 63 825 w*
43 638 63 684 ,μα’
63 533 65 536 ,
60 437 61 441 Α

831 315 1129 353 TEMPas'rAs
1170 315 1474 354 sAEvrssmA.
2071 302 2175 359 255

65 438 356 523 5⁴..vooamr
386 452 738 520 Euroaquilo
784 455 818 492 ³<
861 449 1109 520 Cumque
1137 455 1358 519 arrepta
1384 456 1532 502 esset
1559 453 1734 516 navis,
1764 458 1820 505 et
1846 471 1955 506 non
1986 461 2176 525 posset
2203 453 2256 494 15

133 537 316 591 conari
358 537 412 587 in
455 539 702 597 ventum,
748 533 875 584 data
918 551 1054 585 nave
1090 533 1330 596 flatibus,
1372 522 1705 588 ferebamur.
1751 539 1783 576 ²¹<
1829 536 1893 588 In
1941 537 2178 591 insulam
2203 540 2258 581 16
2320 547 2324 553 '

134 623 314 672 autem
356 615 644 687 quamdam
687 615 1063 677 decurrentes,
1103 631 1226 683 quae
1261 619 1487 686 vocatur
1526 614 1729 679 Cauda,
1762 619 2044 686 potuimus
2089 620 2182 672 vix

63 742 71 747 .
135 701 385 755 obtinere
426 698 700 768 scapham.
733 702 766 739 *
795 697 910 762 Qua
938 697 1169 761 sublata,
1199 696 1487 766 adjutoriis
1531 700 1847 763 utebantur,
1880 702 2176 770 accingen-
2206 703 2259 748 17

93 803 98 807 ·
135 790 220 839 tes
258 800 470 846 navem,
514 782 772 834 timentes
815 799 882 832 ne
924 781 980 831 in
1025 779 1229 849 Syrtim
1259 779 1585 845 inciderent,
1616 784 1910 836 summisso
1942 802 2071 838 vase
2101 785 2181 838 sic

197 1021 266 1065 15.
295 1017 481 1062 Corum
505 1028 555 1060 IN
578 1028 785 1068 vaurum,
811 1014 1115 1068 αντοφθαλμειν
1134 1032 1189 1067 τῳ
1207 1032 1352 1068 ανεμῳ,
1373 1014 1568 1071 proprie
1586 1015 1789 1071 aspicere
1809 1018 1966 1060 contra
1984 1020 2185 1071 ventam,

138 1095 167 1139 i.
193 1107 231 1138 e.
254 1091 484 1136 resistere
506 1092 654 1133 vento
681 1088 861 1142 (confer
887 1087 1045 1144 gallic.
1061 1085 1190 1142 faire
1202 1085 1311 1141 face
1335 1086 1423 1138 ἄψ,
1443 1086 1541 1130 ital.
1557 1087 1643 1143 far
1652 1088 1809 1142 fronte
1826 1090 1891 1141 a),
1910 1101 2030 1132 DATA
2049 1102 2188 1141 NAvs,

138 1175 309 1206 navem
341 1163 486 1204 vento
518 1157 877 1214 permittentes,
912 1168 1199 1200 FEREBAMUR
1231 1170 1326 1213 quo
1358 1156 1666 1212 tempestatis
1699 1157 1773 1200 vis
1807 1171 1895 1201 nos
1928 1158 2188 1214 abriperet.

138 1231 275 1276 Nihil
299 1234 479 1280 autem,
507 1227 677 1284 primis
701 1227 796 1270 illis
824 1226 1034 1270 turbinis
1069 1226 1299 1270 irruentis
1334 1226 1592 1270 momentis
1627 1225 1812 1270 efficere
1837 1231 2104 1283 potuerunt
2129 1227 2191 1271 ad

139 1299 466 1346 resistendum
499 1298 660 1343 ventis
693 1297 768 1341 vel
802 1296 862 1340 ad
895 1296 1033 1340 navis
1068 1309 1264 1338 cursum
1297 1294 1626 1352 dirigendum,
1665 1301 1924 1352 propterea
1962 1296 2092 1354 quod
2133 1310 2190 1341 ex

139 1369 404 1428 improviso
436 1382 524 1426 per
555 1367 773 1412 subitum
810 1365 1077 1423 typhonem
1108 1364 1295 1420 abrepti
1331 1364 1541 1416 fuerant;
1569 1368 1617 1408 et
1642 1369 1778 1410 tanta
1802 1369 1904 1410 erat
1927 1370 2190 1410 ventorum

141 1441 230 1493 vis,
253 1448 306 1484 ut
328 1438 486 1483 omnis
519 1437 656 1482 labor
688 1434 913 1480 nauticus
947 1437 1075 1478 esset
1108 1432 1387 1488 impeditus,
1415 1434 1566 1478 donec
1598 1438 1707 1490 post
1742 1449 1889 1478 unam
1923 1435 2090 1480 horam
2113 1435 2190 1479 vel

139 1511 216 1556 vel
238 1510 381 1567 paulo
409 1509 517 1564 plus
542 1507 591 1562 (ὰ
612 1521 702 1551 une
728 1506 936 1550 distance
963 1505 1016 1548 de
1049 1505 1075 1548 6
1108 1503 1251 1547 lieues
1274 1505 1389 1558 env.)
1419 1504 1540 1547 infra
1564 1503 1774 1549 insulam
1799 1505 2058 1562 quamdam
2088 1519 2192 1562 per-

140 1579 407 1630 venissent,
430 1582 485 1622 ut
512 1576 860 1633 explicabimus
887 1590 932 1619 v.
960 1589 1059 1631 seq.

201 1649 272 1693 16.
319 1648 669 1691 DECURRENTES
703 1664 711 1689 :
752 1650 1060 1699 ὑποδραμοντες,
1099 1643 1269 1688 devecti
1313 1643 1444 1699 infra
1483 1657 1680 1699 parvam
1724 1643 1941 1702 aliquam
1983 1644 2195 1689 insulam

144 1717 298 1771 (νησιον
319 1719 374 1770 τι)
391 1737 402 1770 ;
424 1716 652 1760 flandrice
686 1714 826 1758 onder
859 1728 938 1757 een
971 1713 1170 1768 eilandje
1202 1711 1418 1768 qeloopen
1450 1711 1637 1768 zijnde:
1666 1711 1714 1756 vi
1738 1714 2046 1769 tempestatis
2069 1715 2194 1758 infra

144 1801 276 1831 oram
302 1785 665 1830 meridionalem
699 1784 841 1828 istius
876 1783 1048 1827 insulae
1084 1781 1304 1838 propulsi
1337 1782 1556 1833 fuerunt;
1583 1787 1729 1839 atque
1757 1782 1837 1834 ibi,
1862 1797 1972 1826 cum
1997 1798 2023 1827 a
2048 1789 2196 1829 vento

146 1856 504 1913 Euroaquilone
535 1854 891 1912 aliquantulum
924 1853 1019 1897 tuti
1054 1857 1230 1903 essent,
1265 1863 1500 1903 SGAPHAM‚
1524 1865 1632 1908 quae
1666 1851 1726 1896 ad
1761 1851 1963 1909 puppim
1996 1853 2197 1909 alligata

147 1929 251 1970 erat
277 1929 326 1968 et
353 1925 401 1968 in
426 1924 547 1967 mari
570 1923 848 1974 fluctuabat,
878 1922 928 1965 in
951 1935 1122 1966 navem
1147 1921 1455 1966 sustulerunt
1480 1924 1597 1977 (qua
1620 1921 1669 1964 in
1695 1935 1746 1965 re
1769 1926 1986 1966 vectores
2020 1926 2196 1968 nautas

147 1993 424 2051 adjuverint
450 1992 754 2049 :potuimus),
778 2006 872 2036 non
898 1995 1026 2035 certe
1055 1990 1157 2034 sine
1182 2004 1359 2046 magna
1382 1988 1667 2034 difficultate
1702 1992 1774 2044 (ut
1808 1991 1930 2035 solet
1965 1991 2014 2034 in
2049 1991 2196 2035 simili

147 2063 298 2115 casu),
321 2076 375 2107 eo
398 2062 474 2106 vel
496 2061 652 2118 magis
677 2061 805 2118 quod
830 2060 1007 2116 scapha
1031 2059 1367 2105 verisimiliter
1396 2063 1523 2103 esset
1548 2059 1687 2116 aquis
1722 2059 1908 2116 repleta
1944 2060 2198 2112 (Po‘rmMUS

147 2144 230 2175 le
251 2137 519 2184 OBTINERE).
548 2129 740 2182 Nautae,
762 2143 872 2173 cum
907 2133 1189 2186 sperassent
1225 2128 1362 2172 facile
1396 2131 1444 2172 et
1476 2128 1609 2173 brevi
1642 2129 1887 2184 attingere
1926 2130 2199 2183 Phoenicen,

150 2200 380 2259 scapham
413 2202 461 2244 in
496 2201 616 2244 mari
648 2205 897 2244 natantem
931 2200 1260 2256 reliquerant:
1285 2213 1414 2244 nunc
1446 2204 1608 2243 autem
1642 2213 1838 2244 necesse
1873 2201 2072 2245 omnino
2095 2207 2200 2246 erat

148 2285 252 2316 eam
275 2271 324 2315 in
347 2285 521 2316 navem
542 2270 779 2321 attollere,
807 2283 866 2314 ne
887 2275 1087 2326 propter
1119 2269 1317 2313 nimiam
1345 2274 1686 2324 tempestatem
1720 2269 2018 2325 perderetur.
2047 2270 2200 2316 Navis

149 2345 309 2385 autem
332 2340 440 2390 ista,
467 2353 576 2396 quae
611 2338 729 2383 satis
762 2352 939 2394 magna
972 2343 1075 2381 erat
1099 2337 1207 2391 (276
1233 2337 1452 2381 homines
1488 2337 1729 2393 portabat,
1754 2342 1934 2393 praeter
1959 2352 2081 2382 onus
2104 2339 2201 2382 fru-

151 2409 480 2462 mentarium),
513 2407 706 2452 videtur
738 2407 931 2452 nonnisi
965 2421 1110 2451 unam
1144 2407 1371 2451 habuisse
1410 2406 1637 2464 scapham
1670 2426 1676 2451 :
1711 2408 1841 2464 quod
1875 2422 1990 2453 sane
2023 2409 2202 2454 mirum

155 2477 250 2522 dici
274 2478 432 2523 debet.

214 2547 396 2600 CAUDA,
417 2551 472 2593 ut
493 2547 675 2604 legitur
699 2547 749 2590 in
774 2546 877 2591 cod.
906 2546 960 2599 B,
985 2546 1034 2590 in
1060 2560 1186 2591 vers.
1214 2561 1327 2603 syr„
1353 2546 1482 2603 apud
1508 2561 1546 2591 s.
1574 2546 1725 2600 Hier„
1747 2547 1824 2592 vel
1851 2547 2051 2601 Clauda,
2077 2547 2204 2594 utin

153 2616 309 2670 ΑΘΗ,
333 2632 429 2676 syr.
458 2617 656 2674 philox„
683 2632 719 2661 s.
743 2617 916 2675 Chrys.
943 2622 1032 2662 etc.
1060 2617 1206 2673 Apud
1229 2621 1452 2662 auctores
1488 2616 1713 2673 profanos
1742 2622 2005 2674 utrumque
2027 2631 2204 2663 nomen

153 2687 405 2743 reperitur.
433 2687 550 2731 Haec
583 2691 746 2732 autem
780 2687 940 2731 insula
971 2686 1236 2732 admodum
1269 2701 1429 2743 parva,
1460 2701 1611 2743 prope
1646 2686 1858 2738 Cretam,
1882 2687 1942 2731 ad
1967 2687 2204 2744 angulum

154 2756 319 2802 lateris
346 2757 448 2814 ejus
475 2756 704 2801 australis
731 2761 779 2802 et
801 2757 1131 2809 occidentalis,
1158 2758 1212 2800 20
1239 2757 1478 2801 milliariis
1503 2771 1531 2801 a
1551 2757 1694 2801 litore
1722 2756 1898 2809 Cretae,
1925 2757 2020 2800 sita
2044 2759 2132 2801 est.

214 2826 283 2872 17.
307 2827 597 2872 Amumoims
620 2845 629 2870 :
653 2827 756 2871 haec
782 2841 1005 2884 quaenam
1038 2826 1235 2878 fuerint,
1267 2827 1446 2871 dicitur
1478 2826 1639 2871 verbis
1675 2838 1992 2870 Accmcnnrns
2025 2839 2206 2881 NAVEM,

157 2900 446 2947 ὑποζωννυντες
469 2915 513 2940 το
536 2902 695 2950 πλοιον,
719 2910 925 2953 quorum
952 2910 1125 2940 sensus
1149 2899 1223 2939 est
1247 2914 1256 2939 ι
1283 2895 1484 2939 funibus
1507 2895 1584 2939 vel
1607 2895 1792 2938 catenis
1820 2909 1993 2940 navem
2018 2897 2206 2941 succin-

155 2970 325 3022 gentes
350 2970 398 3010 et
422 2966 680 3023 alligantes
706 2966 778 3019 (dc
802 2965 973 3011 babord
1005 2979 1035 3008 a
1065 2964 1240 3009 tribord
1272 2979 1326 3008 en
1355 2968 1554 3023 passam
1589 2978 1694 3008 sous
1730 2963 1777 3007 Za
1810 2963 1990 3021 quilla),
2015 2964 2076 3010 ad
2100 2980 2206 3011 eam

155 3033 443 3078 firmandam
467 3049 527 3078 ne
555 3035 602 3079 vi
624 3039 882 3079 ventorum
909 3039 956 3079 et
981 3034 1217 3078 fluctuum
1246 3034 1492 3078 dissiliret.
1522 3032 1651 3077 Nota
1673 3036 1894 3076 veterum
1928 3047 2077 3079 naves
2109 3048 2208 3080 non

157 3107 256 3148 tam
289 3103 440 3148 solide
469 3117 612 3161 quam
646 3110 840 3149 nostras
874 3108 1145 3147 exstructas
1184 3103 1356 3155 fuisse;
1397 3101 1570 3145 deinde
1614 3101 1889 3157 periculum
1933 3115 1995 3145 ne
2038 3115 2205 3146 earum

157 3186 414 3230 compages
453 3174 760 3230 frangeretur
799 3173 956 3230 majus
994 3173 1158 3225 fuisse,
1206 3177 1461 3229 propterea
1493 3171 1621 3229 quod
1653 3186 1783 3215 unus
1817 3175 2012 3216 tantum
2045 3172 2095 3216 in
2134 3174 2203 3217 eis

157 3249 286 3288 essct
323 3244 496 3296 malus,
530 3258 640 3288 cum
673 3244 779 3289 velo
812 3243 1048 3301 quadrato
1080 3249 1128 3287 et
1159 3243 1364 3300 ingenti.
1401 3242 1654 3298 Imprimis
1694 3242 1966 3287 timendum
2010 3249 2114 3289 erat
2147 3258 2209 3289 ne

3 3307 91 3371 '‘sff-
157 3312 336 3357 tabulae
363 3313 622 3370 trabesque
645 3313 1088 3370 confringerentur,
1116 3311 1155 3356 si
1178 3312 1316 3356 navis
1351 3311 1400 3355 in
1436 3315 1648 3356 tractum
1670 3324 1928 3356 arenosum
1952 3311 2206 3356 incideret.

161 3381 278 3426 Ideo
298 3381 434 3426 addit
461 3381 610 3426 [sacas
636 3401 645 3426 :
668 3389 906 3436 φοέουμενοι
933 3400 978 3424 τε
1002 3386 1092 3425 etc.

220 3449 465 3495 Timauus
496 3463 559 3495 NE
590 3463 643 3495 IN
677 3450 864 3496 smmi
885 3462 1190 3502 memmium,
1216 3449 1446 3494 nimirum
1476 3449 1788 3508 Africanam:
1815 3463 1926 3494 nam
1949 3462 2106 3506 graece
2133 3453 2212 3494 est

60 3502 115 3626 ἦ
159 3513 392 3564 articulus
423 3528 495 3572 τήν
529 3525 688 3575 Συρτιν.
727 3519 882 3578 Syrtis
916 3520 962 3575 (a
991 3538 1111 3575 συρω,
1140 3518 1301 3571 traho;
1327 3519 1420 3572 vel,
1445 3519 1710 3564 secundum
1743 3519 1878 3571 alios,
1903 3533 1933 3562 a
1960 3521 2067 3571 sert,
2093 3532 2209 3563 voce

0 3612 30 3653 ς·
60 3591 114 3649 ἒξ
119 3587 365 3634 Arabica
385 3603 493 3646 quae
517 3589 758 3647 siguificat
789 3588 1032 3642 desertum)
1059 3593 1133 3634 est
1165 3592 1351 3634 tractus
1385 3589 1530 3634 maris
1565 3602 1803 3635 arenosus
1843 3587 2032 3643 (flandr.
2061 3586 2205 3632 zand-
