2430 4030
258 235 363 287 284
693 245 1035 284 msssa'rA'rio
1080 247 1136 282 1v
1174 247 1232 283 m
1269 246 1430 284 Ao'rus
1471 247 1867 286 ArosToLORUM.

257 401 353 436 seu
380 383 460 435 rei
486 382 688 434 futurae
715 381 1097 450 contingentis
1125 381 1416 450 praedictio
1443 400 1543 452 per
1569 384 1994 437 vaticinationes
2040 405 2071 438 a
2099 386 2299 440 daemo-
2418 370 2430 439 i

257 486 326 519 ne
353 466 579 529 inditas,
608 465 695 517 vel
721 482 820 534 per
847 465 1060 516 somnia
1086 465 1156 516 ab
1185 465 1305 534 ipso
1334 465 1597 529 immissa,
1628 468 1700 519 cf.
1734 468 1859 520 Act.
1890 470 1999 539 Ap.
2028 454 2184 532 XVI,
2217 473 2303 534 163
2420 466 2430 508 5

258 551 343 603 vel
385 566 483 618 per
527 547 721 617 scyphi
760 546 923 614 (Gen.
963 547 1168 612 XLIV,
1208 547 1260 614 5)
1307 553 1402 600 aut
1441 554 1693 601 extorum
1731 549 1954 616 (Ezech.
2002 551 2160 615 XXI,
2211 554 2308 621 21)
2364 605 2369 607 ,
2419 544 2430 576 '3¹

255 632 691 703 inspectionem;
763 631 849 682 vel
920 649 1017 699 per
1090 631 1421 700 sagittarum
1490 633 1943 685 commixtionem
2020 635 2139 702 (ib.)
2198 641 2306 688 etc.

259 719 521 770 Asserere
549 719 733 766 tamen
762 714 930 766 nolim
958 715 1016 765 in
1037 715 1145 766 illis
1174 715 1449 779 omnibuS,
1481 732 1602 784 quae
1622 721 1847 768 narrant
1866 734 2034 770 sacrae
2056 717 2305 787 Paginae‚

258 819 442 853 veram
483 799 651 850 fuisse
701 798 941 866 magiam
989 797 1354 850 diabolicam:
1405 816 1525 851 eam
1565 803 1751 851 autem
1791 800 2088 870 aliquando
2135 802 2306 854 exsti-

258 885 411 949 tisse,
439 899 761 952 persuasum
795 882 993 933 habeo,

331 966 591 1033 Quamvis
633 966 780 1017 enim
824 965 997 1016 multa
1025 982 1234 1028 eorum,
1267 983 1388 1034 quae
1418 964 1484 1016 de
1513 965 1712 1035 magiis
1739 971 2050 1029 narrantur,
2081 966 2304 1019 fraudes

259 1058 352 1103 aut
404 1053 712 1102 commenta
763 1046 1038 1099 censenda
1093 1048 1226 1110 sint,
1275 1066 1376 1099 nec
1429 1047 1625 1099 leviter
1677 1065 1939 1117 umquam
1993 1048 2308 1100 istiusmodi

258 1136 530 1206 prodigiis
578 1133 863 1185 diabolicis
910 1133 1048 1184 fides
1092 1133 1343 1184 adhiberi
1394 1132 1594 1201 possit:
1637 1138 1882 1184 attamen
1927 1139 2139 1186 certum
2189 1153 2312 1187 esse

259 1221 564 1290 opinamur,
610 1218 848 1285 magiam
887 1217 1077 1268 stricte
1117 1216 1322 1268 dictam
1359 1234 1454 1267 seu
1497 1216 1823 1268 diabolicam
1855 1235 1985 1268 vere
2026 1218 2311 1271 exstitisse
2390 1251 2398 1256 ·

261 1304 408 1367 olim,
437 1306 601 1371 atque
647 1299 946 1351 hodiedum
995 1300 1260 1364 existere3
1309 1299 1556 1367 adeoque
1608 1299 1914 1351 Ecclesiam
1961 1301 2308 1365 catholicam,

262 1387 482 1458 quando
511 1385 843 1437 exorcismos
873 1383 1133 1446 instituit,
1163 1388 1257 1433 aut
1284 1387 1456 1434 artem
1489 1382 1756 1450 magicam
1790 1401 1977 1435 severe
2008 1384 2310 1447 damnavit,

262 1470 637 1541 praejudicatis
678 1486 740 1519 ac
781 1467 1180 1536 superstitiosis
1222 1466 1377 1534 vulgi
1416 1466 1774 1534 opinionibus
1802 1466 2223 1537 haudquaquam
2253 1486 2312 1519 se

262 1554 703 1607 accommodasse
767 1551 851 1619 (1).
901 1551 1103 1602 Veram
1175 1555 1358 1601 autem
1408 1550 1606 1619 magiae
1662 1551 2017 1603 existentiam
2075 1570 2144 1603 ex
2195 1552 2314 1620 ipsa

263 1657 307 1690 s,
340 1638 624 1708 Scriptura
654 1637 915 1687 docemur
950 1635 1163 1701 (contra
1203 1633 1475 1700 Bergyier
1523 1634 1576 1683 in
1626 1633 1768 1685 Dict.
1816 1634 1911 1697 th„
1960 1640 2061 1686 art.
2112 1635 2311 1703 Magio,

264 1727 319 1772 et
361 1726 555 1771 contra
605 1717 824 1768 Aberle
871 1717 928 1767 in
979 1715 1119 1766 Dici.
1168 1715 1365 1783 encycl.
1414 1714 1474 1765 de
1533 1714 1730 1767 PVez‘zer
1776 1721 1822 1767 et
1869 1716 2086 1785 W'elte);
2138 1735 2315 1787 neque

264 1802 521 1855 audiendi
569 1807 698 1854 sunt
762 1801 802 1850 ii
862 1801 1216 1867 interpretes,
1266 1799 1359 1867 qui
1419 1798 1767 1850 contendunt
1822 1802 2007 1851 omnia
2060 1802 2316 1870 prodigia

265 1886 499 1955 magica,
565 1885 634 1937 de
693 1883 893 1953 quibus
957 1881 1162 1934 divinae
1230 1881 1435 1933 Literae
1496 1882 1817 1951 loquuntur,
1873 1901 1969 1952 per
2021 1883 2314 1935 humanam

266 1969 593 2020 industriam
622 1973 787 2036 atque
816 1966 1065 2017 fallacem
1095 1965 1377 2016 solertiam
1408 1970 1632 2034 peracta
1666 1965 1856 2019 fuisse.
1890 1966 2060 2030 Quam
2094 1966 2316 2036 quidem

267 2051 471 2103 thesim
514 2055 759 2102 nostram
804 2055 866 2100 ut
915 2049 1372 2112 demonstremus,
1423 2050 1538 2100 loca
1578 2048 1833 2117 quaedam
1878 2049 2186 2117 insigniora
2218 2068 2245 2101 e
2274 2067 2316 2100 s.

267 2135 471 2187 Literis
500 2133 927 2185 recensebimus·

342 2218 523 2268 Antea
570 2222 753 2267 tamen
801 2233 1086 2266 monemus
1134 2214 1241 2266 tria
1282 2232 1404 2266 esse
1450 2214 1746 2284 principia,
1793 2232 1912 2284 quae
1958 2214 2162 2283 praevio
2191 2221 2319 2266 sunt

267 2300 630 2362 admittenda,
661 2316 891 2368 quaeque
919 2318 949 2348 a
977 2299 1254 2366 theologis
1286 2298 1626 2367 dogmaticis
1659 2299 2116 2367 comprobantur:

339 2380 394 2450 as
445 2382 589 2433 Vere
645 2382 881 2432 existere
938 2380 1204 2449 quosdam
1263 2381 1492 2449 spiritus
1563 2399 1818 2449 nequam,
1874 2398 2010 2449 quos
2064 2380 2318 2432 daemones

268 2484 560 2530 vocamus3

339 2547 401 2616 bl
431 2549 649 2617 Eosque
681 2565 885 2616 magna
921 2546 1186 2615 praeditos
1217 2563 1335 2597 esse
1366 2550 1662 2614 potestate,
1694 2563 1798 2614 qua
1826 2547 2063 2609 valeant,
2093 2547 2138 2598 si
2171 2547 2319 2599 Deus

268 2631 572 2698 permittat,
611 2630 668 2681 in
710 2630 968 2680 homines
1008 2628 1266 2679 mortales
1297 2633 1352 2679 et
1381 2628 1434 2678 in
1465 2627 1752 2679 creaturas
1784 2629 2131 2680 irrationales
2159 2629 2320 2697 hujus

269 2714 459 2766 mundi
497 2732 682 2783 agere,
725 2719 895 2782 atque
940 2713 1067 2763 talia
1102 2710 1365 2780 perficere
1396 2729 1517 2780 quae
1547 2712 1691 2764 vires
1720 2717 1936 2764 nostras
1966 2713 2130 2764 valde
2160 2731 2320 2782 supe-

271 2803 424 2863 renb3

343 2878 397 2948 cs
423 2880 575 2933 Nihil
602 2884 784 2932 autem
813 2880 1035 2931 obstare
1067 2878 1369 2948 quominus
1403 2878 1552 2930 Deus
1580 2879 1778 2947 possit,
1824 2878 1869 2929 si
1897 2879 2054 2943 velit,
2094 2879 2320 2946 permit-

329 3035 382 3089 (1)
406 3036 557 3086 Neque
580 3036 783 3076 Ecclesiae
805 3035 1065 3075 exorcismos
1087 3035 1304 3085 explicare
1325 3035 1430 3075 licet
1451 3047 1500 3074 eo
1523 3047 1650 3074 sensu
1668 3046 1796 3085 quem
1817 3034 1954 3073 tradit
1970 3034 2024 3072 cl.
2045 3033 2112 3073 Ab
2126 3034 2238 3074 erle
2258 3033 2320 3087 (in

271 3105 382 3142 Dict.
402 3103 555 3152 encycl.
574 3104 622 3142 de
651 3104 806 3143 Wetzer
827 3104 863 3141 et
888 3101 1029 3150 Webte,
1053 3104 1135 3140 art.
1159 3101 1332 3153 Mayie),
1354 3101 1449 3141 scil.
1474 3115 1483 3139 ι
1508 3114 1559 3139 ex
1581 3100 1634 3139 iis
1657 3099 1927 3140 solummodo
1957 3100 2156 3139 concludi
2179 3112 2322 3152 posse,

271 3168 489 3208 daemones
509 3170 554 3207 in
575 3169 794 3208 hominem
817 3168 902 3206 vim
924 3168 1100 3216 habere,
1124 3180 1209 3207 non
1231 3172 1377 3206 autem
1402 3167 1491 3207 vim
1514 3168 1634 3206 illam
1655 3167 1708 3205 ab
1732 3166 1919 3205 alterius
1943 3165 2131 3205 hominis
2151 3166 2320 3206 invoca-

273 3236 389 3274 tione
409 3246 484 3274 seu
503 3233 796 3285 conjuratione
827 3232 1013 3284 pendere
1035 3247 1044 3271 ι
1064 3233 1193 3284 quod,
1217 3232 1281 3271 ait
1303 3233 1401 3281 iste,
1434 3233 1675 3284 requiritur
1711 3234 1763 3270 ut
1791 3243 1891 3271 vera
1921 3231 1980 3270 sit
2009 3229 2168 3282 magia.
2197 3231 2324 3271 Hanc

274 3300 537 3339 sententiam
568 3300 800 3351 rejicimus,
824 3301 924 3350 quia
953 3299 998 3337 in
1029 3298 1196 3339 Rituali
1225 3299 1431 3346 Romano,
1454 3298 1539 3337 Tit.
1563 3298 1619 3346 X,
1640 3299 1847 3337 monetur
1877 3296 2099 3336 exorcista
2115 3298 2165 3335 ut
2177 3296 2324 3345 jubeat

275 3364 500 3402 doemonem
533 3364 668 3402 dicere
703 3378 760 3403 an
793 3366 986 3403 teneatur
1019 3365 1064 3402 in
1094 3363 1169 3402 illo
1199 3375 1362 3412 corpore
1393 3364 1438 3402 ob
1473 3363 1666 3411 aliquam
1699 3362 1980 3410 operationem
2011 3356 2219 3410 may'icam
2247 3362 2324 3400 aut
2407 3410 2414 3414 ,

274 3429 461 3479 malefica
479 3430 602 3477 siqna
621 3433 702 3468 etc.
729 3430 902 3478 Deinde,
924 3442 1071 3468 veram
1095 3430 1250 3479 magiae
1271 3429 1551 3468 existentiam
1573 3429 1628 3468 ab
1652 3428 1849 3467 Ecclesia
1869 3427 2062 3475 admitti,
2088 3427 2322 3466 manifeste
2398 3420 2430 3483 *3⁷

274 3499 396 3546 patet
424 3507 476 3534 ex
507 3495 901 3534 constitutionibus
929 3499 1082 3534 contra
1113 3496 1304 3545 magiam
1333 3495 1481 3542 editis,
1513 3507 1552 3533 v.
1582 3505 1649 3544 gr.
1680 3505 1733 3532 ex
1763 3494 1909 3532 Const.
1933 3492 2050 3532 Sixti
2074 3492 2128 3541 V,
2157 3492 2261 3533 Gaeli
2281 3499 2339 3532 et
2385 3480 2430 3541 2-{3

275 3565 395 3602 terrm
418 3559 511 3614 (cit.
531 3560 646 3611 apud
668 3562 781 3600 Luc.
808 3561 1070 3609 Feri-aris,
1096 3561 1291 3608 Prompta
1311 3558 1422 3607 bibl„
1442 3561 1524 3598 art.
1547 3555 1848 3608 Superstitio).
2400 3551 2414 3564 ²
