2430 4030
263 303 327 355 78
814 319 975 355 Ac'rns
1015 321 1411 369 Aros'rotonnm,
1455 306 1556 370 IV,
1604 309 1748 360 1-31.

255 470 379 503 cum
417 453 720 516 audissent,
754 454 1083 505 unanimiter
1123 454 1445 508 levaverunt
1481 473 1668 508 vocem
1705 457 1775 507 ad
1821 456 2014 521 Deum,
2052 465 2109 508 et
2149 457 2304 510 dixe·
2387 463 2430 511 εἰ

254 542 419 606 runt:
458 537 705 601 Domine,
738 544 795 589 tu
825 555 882 588 es
914 538 1007 607 qui
1034 536 1229 590 fecisti
1246 540 1460 602 coelum,
1491 546 1546 591 et
1575 546 1796 604 terram,
1826 558 1990 604 mare,
2021 546 2077 592 et
2105 542 2303 607 omnia,
2373 535 2411 565 ²*

176 623 229 664 25
255 637 377 689 quae
405 622 461 671 in
489 621 567 672 eis
596 626 727 673 sunt
759 643 769 673 :
803 626 835 662 *
864 623 956 691 qui
988 621 1199 691 Spiritu
1227 630 1419 675 sancto
1455 641 1554 693 per
1590 642 1649 676 os
1690 624 1862 693 patris
1893 625 2068 676 nostri
2110 625 2303 690 David,

252 705 410 773 pueri
451 706 550 768 tui,
592 705 823 757 dixisti:
858 705 1034 771 Quare
1074 706 1415 758 fremuerunt
1457 706 1683 772 Gentes,
1724 716 1780 759 et
1820 708 2011 777 populi
2053 708 2302 760 meditati
2344 714 2353 717 ’

174 789 229 829 26
253 793 382 838 sunt
421 787 641 840 inania?
684 794 716 829 ³¹<
760 789 1080 840 Astiterunt
1119 807 1279 858 reges
1309 797 1486 854 terrae,
1517 797 1572 842 et
1598 791 1883 859 principes
1923 796 2302 842 convenerunt

174 876 228 919 27
252 871 309 922 in
339 890 506 922 unum
535 871 796 924 adversus
842 871 1154 935 Dominum,
1185 879 1240 925 et
1268 874 1534 926 adversus
1577 873 1858 925 Christum
1903 874 2062 942 ejus?
2096 878 2128 914 *
2159 873 2299 926 Gon-

253 961 523 1007 venerunt
567 957 710 1008 enim
756 974 883 1008 vere
927 957 978 1007 in
1029 957 1254 1009 civitate
1296 958 1404 1010 ista
1451 958 1715 1010 adversus
1767 965 2018 1011 sanctum
2073 977 2300 1027 puerum

251 1044 404 1089 tuum
451 1038 660 1103 Jesum,
706 1056 866 1108 quem
916 1038 1144 1104 unxisti,
1195 1040 1463 1105 HerodeS,
1514 1046 1570 1092 et
1627 1041 1856 1093 Pontius
1912 1042 2121 1094 Pilatus
2174 1059 2300 1094 cum

249 1300 354 1344 bus.
384 1300 633 1346 Probabile
657 1317 752 1345 non
776 1308 850 1347 est
875 1303 997 1347 hanc
1020 1304 1290 1348 orationem
1315 1304 1443 1360 apud
1468 1304 1599 1360 ipsos
1628 1304 1832 1349 antehac
1857 1304 1907 1348 in
1932 1319 2023 1348 usu
2049 1305 2211 1349 fuisse.
2241 1329 2295 1337 —

248 1369 445 1414 Donum
469 1378 558 1415 etc.
584 1391 592 1414 :
616 1371 718 1416 haec
742 1378 816 1416 est
833 1372 934 1429 jam
963 1374 1172 1417 secunda
1196 1375 1427 1431 precatio,
1452 1388 1598 1430 quam
1622 1373 1770 1417 refert
1794 1388 1830 1417 s.
1860 1374 2012 1418 Lucas
2037 1389 2064 1417 a
2085 1389 2296 1419 commu-

246 1441 401 1485 nitate
440 1441 704 1486 christiana
743 1442 921 1486 factam
958 1443 1106 1488 fuisse
1141 1463 1149 1487 :
1184 1445 1391 1501 primam
1432 1443 1542 1487 vide
1574 1457 1722 1499 supra
1755 1443 1794 1495 Ι,
1827 1444 1901 1486 24.
1937 1467 1990 1474 —-
2026 1444 2096 1488 Tu
2130 1457 2182 1488 Es
2215 1457 2298 1498 QUI

246 1522 422 1554 FECISTI
456 1523 622 1554 COELUM
654 1524 710 1554 ΕΤ
742 1524 936 1555 ΤΕΒΒΑΜ
969 1518 1072 1564 etc,
1107 1515 1230 1570 sign.
1266 1519 1315 1558 tu,
1341 1529 1384 1557 es
1404 1513 1768 1572 potentissimus.
1794 1513 1936 1557 Ratio
1959 1521 2034 1558 est
2056 1514 2297 1571 praecipua

246 1594 394 1637 quare
420 1595 553 1637 spem
577 1580 785 1624 habeant
811 1581 859 1624 in
885 1582 1043 1637 ipsius
1068 1583 1301 1626 auxilium
1329 1590 1496 1627 contra
1522 1588 1868 1639 persecutores.

305 1650 375 1694 25.
412 1650 506 1706 Qui
547 1649 742 1694 Smmrn
782 1663 998 1695 SANC‘ro...
1038 1665 1210 1696 DIXISTI
1245 1671 1255 1699 ι
1290 1652 1457 1708 QUARE
1496 1664 1818 1696 FREMUERUNT
1856 1665 2032 1696 GEN'rns
2063 1661 2149 1697 etc.
2184 1653 2294 1698 Non

245 1724 436 1764 tantum
473 1719 791 1776 Omnipotens
826 1720 910 1763 sed
944 1721 1090 1765 etiam
1127 1721 1434 1766 Omnisciens
1469 1736 1552 1774 es;
1583 1722 1850 1778 praedixisti
1887 1722 2013 1765 enim
2048 1722 2134 1766 has
2158 1738 2295 1767 vexa·

245 1790 415 1842 tioneS,
439 1804 701 1847 earumque
727 1791 1014 1835 inanitatem
1043 1793 1188 1835 simul
1217 1793 1488 1836 declarasti.
1522 1792 1665 1835 Aliud
1702 1792 1888 1836 fiduciae
1914 1799 2260 1849 argumentum
2283 1812 2293 1837 :

243 1860 367 1904 nihil
404 1861 542 1905 nobis
582 1862 782 1911 accidet,
826 1862 918 1905 nisi
962 1863 1089 1920 quod
1130 1863 1424 1915 decreveris;
1463 1863 1600 1920 atqui
1642 1865 1861 1907 statuisti
1901 1864 2050 1920 impia
2088 1865 2294 1908 istorum

242 1931 495 1975 conamina
527 1931 627 1975 fore
660 1932 811 1975 irrita.
849 1957 902 1962 —
945 1934 1039 1975 PER
1071 1946 1120 1976 os
1157 1933 1365 1977 DAv1n...
1402 1945 1575 1976 nixism
1599 1967 1607 1976 .
1635 1933 1803 1988 QUARE
1836 1945 2159 1977 FREMUERUNT
2191 1942 2297 1986 etc.,

243 2001 346 2045 scil.
369 2000 420 2044 in
452 2002 523 2045 Ps.
548 2001 615 2054 Π,
645 2003 683 2054 1,
709 2002 790 2059 qui
817 2003 1135 2059 propheticus
1160 2012 1236 2047 est
1262 2003 1320 2047 de
1355 2003 1564 2054 Christo,
1593 2005 1762 2047 saltem
1788 2004 1836 2047 in
1864 2018 2010 2047 sensu
2036 2003 2212 2060 typico,
2239 2010 2296 2048 ut

242 2072 477 2129 probatur
510 2088 566 2116 ex
601 2073 688 2117 hoc
721 2074 838 2125 loco,
872 2088 927 2117 ex
963 2074 1068 2117 Act.
1105 2074 1253 2126 XIII,
1288 2075 1359 2126 33,
1393 2082 1441 2118 et
1475 2089 1530 2118 ex
1558 2075 1708 2118 Hebr.
1734 2076 1774 2126 Ι,
1800 2076 1837 2119 5.
1863 2074 2031 2131 QUARE
2055 2076 2164 2129 (vox
2188 2075 2293 2118 irri-

241 2142 402 2187 dentis
443 2150 490 2187 et
529 2143 785 2198 indignati)
829 2155 1151 2187 FREMUERUNT
1190 2163 1198 2187 :
1245 2145 1546 2200 praeteritum
1593 2144 1930 2200 propheticum
1980 2159 2065 2201 pro
2103 2145 2287 2197 futuro;

240 2216 378 2256 vates
419 2212 545 2254 enim
583 2211 778 2255 divinus
821 2226 919 2255 rem
962 2212 1179 2256 futuram
1213 2213 1305 2256 sibi
1337 2214 1386 2256 in
1421 2213 1604 2257 visione
1637 2214 1899 2257 exhibitam
1933 2214 2290 2271 contemplatus

241 2288 328 2327 est.
356 2281 541 2326 Sensus
567 2283 727 2340 itaque
756 2287 830 2326 est
854 2301 863 2326 :
894 2282 1259 2340 Quarefrement
1278 2288 1443 2340 yentes,
1477 2285 1702 2340 gentiles,
1738 2299 1802 2327 se.
1837 2284 2043 2329 Romani
2076 2286 2256 2330 milites
2279 2281 2303 2330 ε’

242 2353 413 2410 supple
445 2368 500 2397 ex
533 2353 627 2396 fine
653 2369 697 2397 v.
724 2354 794 2405 26,
829 2357 990 2398 contra
1021 2354 1276 2409 Dominum
1309 2358 1349 2397 et
1384 2354 1620 2399 Christum
1645 2355 1776 2412 ejus?
1798 2355 1965 2411 QUARE
1994 2368 2173 2407 Porum,
2200 2356 2293 2413 ipsi
2418 2320 2430 2421 Ξ

241 2423 412 2473 Judaei,
438 2423 803 2468 meditabuntur
826 2437 1006 2475 INANIA,
1027 2424 1140 2467 talia
1164 2439 1269 2482 quae
1292 2425 1474 2469 frustra
1497 2425 1804 2469 conabuntur
1827 2426 2070 2481 perficere3
2093 2441 2290 2471 rursum
2413 2425 2430 2473 ΤΞ

241 2494 444 2550 supple:
473 2497 632 2537 contra
665 2493 918 2538 Dominum
951 2505 1042 2536 etc.
1079 2493 1203 2538 Vide
1240 2494 1485 2539 comment.
1521 2501 1670 2539 nostr.
1706 2495 1756 2538 in
1789 2495 1964 2539 librum
1999 2495 2291 2540 Psalmorum‚
2411 2473 2430 2559 ἒ

241 2563 268 2606 3
296 2563 400 2614 vol.,
425 2563 621 2618 Brugis,
646 2564 760 2607 1867
787 2563 917 2607 1870.

300 2632 372 2677 26.
405 2622 708 2676 Asrrrsssuntr
734 2642 820 2676 etc.
851 2631 903 2676 Si
928 2646 1037 2675 cum
1063 2632 1135 2676 ed.
1162 2631 1318 2676 Vatic.
1347 2632 1461 2675 1598
1494 2634 1542 2676 in
1577 2633 1672 2677 fine
1706 2633 1906 2690 hujusce
1940 2648 2110 2679 versus
2145 2649 2289 2691 pona-

240 2718 348 2748 mus
390 2704 587 2761 signum
625 2702 1038 2760 interrogationis,
1076 2710 1189 2746 ante
1237 2703 1436 2747 verbum
1485 2705 1735 2748 astiterunt
1779 2704 2022 2761 oportebit
2069 2712 2290 2762 repetere
2383 2703 2419 2746 A

239 2788 397 2831 quare,
421 2775 513 2819 hoc
535 2773 674 2818 modo
699 2793 708 2818 ε
731 2787 875 2831 quare
899 2772 1119 2817 astabunt
1149 2787 1273 2830 ‘reyes
1299 2773 1553 2826 (HerodeS,
1580 2774 1783 2827 Pilatus)
1811 2778 1852 2817 et
1882 2775 2118 2832 principes
2150 2775 2288 2833 (judi-

238 2861 317 2891 ces
357 2846 599 2903 Synedrii)
643 2845 907 2889 convenient
948 2843 1247 2889 adversus...?
1283 2844 1407 2889 Nota
1447 2851 1611 2889 tamen
1653 2846 1702 2890 in
1740 2847 1903 2891 eadem
1946 2847 2028 2891 illa
2067 2847 2140 2891 ed.
2175 2848 2289 2892 1598

239 2918 436 2974 signum
469 2914 868 2971 interrogationis
902 2929 998 2959 non
1031 2914 1197 2958 haberi
1228 2913 1279 2957 in
1311 2914 1438 2959 libro
1472 2915 1791 2967 Psalmorum‚
1817 2931 1883 2960 sc.
1913 2918 1961 2959 in
1989 2916 2085 2960 fine
2118 2931 2290 2961 versus

240 2986 278 3031 2ἰ
307 2986 489 3032 Psalmi
512 2985 567 3031 2³.

298 3059 367 3102 27.
403 3057 720 3100 Demonstrat
761 3054 1007 3098 oraculum
1052 3053 1184 3096 istud
1229 3067 1362 3098 nunc
1401 3054 1496 3111 jam
1539 3063 1716 3099 eventu
1761 3056 2100 3101 confirmatum
2138 3056 2290 3100 fuisse

239 3127 661 3185 (quemadmodum
685 3125 767 3170 fiet
791 3140 875 3181 per
900 3125 1059 3169 omnia
1083 3123 1307 3167 Ecclesiae
1331 3125 1522 3176 secula).
1544 3148 1598 3154 —
1622 3125 1674 3168 [N
1692 3137 1906 3169 civium
1926 3139 2026 3170 1s⁷rA
2045 3127 2288 3171 immerito

235 3197 570 3253 praetermittit
606 3204 764 3240 textus
804 3194 1065 3250 Receptus,
1098 3207 1208 3236 nam
1243 3193 1292 3235 in
1324 3193 1424 3237 cod.
1461 3193 1638 3236 ABDE
1675 3193 1776 3238 sin.
1811 3195 2003 3251 legitur.
2040 3219 2092 3226 -—-
2126 3195 2287 3239 Jasum

235 3278 369 3320 QUEM
392 3277 591 3316 Uinsm,
616 3279 779 3320 regem
806 3263 1110 3306 constituisti
1134 3281 1144 3305 ι
1170 3267 1300 3306 certe
1322 3262 1522 3318 respicit
1545 3263 1605 3307 ad
1631 3264 1705 3308 Ps.
1733 3263 1802 3315 11,
1827 3266 1866 3306 6.
1892 3265 1998 3322 Ipse
2021 3279 2095 3322 eqo
2116 3265 2288 3310 inunxi

235 3354 382 3396 reqem
408 3353 561 3382 meum
587 3339 672 3391 (ita
694 3338 743 3379 in
771 3337 983 3388 hebraeo;
1011 3335 1226 3391 Vulgata
1251 3341 1412 3380 autem
1438 3336 1506 3378 sic
1533 3335 1744 3381 reddidit
1770 3355 1779 3380 ι
1807 3337 1907 3393 qu
1939 3341 2094 3382 autem
2125 3334 2288 3383 consti·

235 3413 361 3455 titius
382 3423 485 3452 sum
505 3408 617 3460 reae).
644 3406 792 3450 Jesus
825 3405 1004 3448 dicitur
1035 3407 1201 3448 unctus
1232 3404 1400 3465 eodem
1437 3418 1583 3448 sensu
1618 3419 1714 3462 quo
1749 3406 1797 3449 in
1833 3405 1925 3452 hoc
1957 3408 2063 3464 ipso
2090 3407 2289 3452 Davidis

233 3482 426 3529 oraculo
458 3485 660 3525 vocat-ur
685 3476 914 3529 Christus,
941 3476 1068 3534 quod
1099 3481 1175 3520 est
1195 3479 1362 3520 unctus
1385 3478 1431 3532 (a
1453 3496 1567 3533 χριω,
1595 3478 1753 3534 unqo).
1779 3502 1835 3509 -
1863 3479 2063 3524 Popums
2084 3479 2135 3524 in
2159 3479 2287 3537 plur,

232 3558 437 3614 propter
468 3566 513 3597 v.
546 3550 624 3604 25;
658 3550 840 3595 indicit
879 3548 1095 3593 adfuisse
1135 3547 1167 3592 J
1174 3547 1333 3593 udaeos
1366 3563 1392 3593 e
1425 3548 1574 3594 variis
1606 3549 1890 3606 regionibus
1925 3550 2169 3605 oriundos,
2201 3558 2287 3611 qui

233 3623 484 3670 occasione
505 3621 760 3668 Paschatis
783 3620 834 3663 in
855 3618 1040 3664 Urbem
1065 3620 1413 3664 confluxerant.
