2430 4030
243 291 308 343 '74
591 360 600 368 .
809 307 968 343 ACTUS
1007 308 1406 359 ArosTOLORUM‚
1451 296 1550 362 IV,
1597 299 1741 351 1-31.

245 443 342 510 (4).
378 442 648 512 Synedrio
677 447 866 494 coacto
901 443 971 509 (5,
1003 443 1079 511 6),
1113 445 1308 496 Petrus
1348 463 1563 498 causam
1605 447 1758 512 dicit,
1787 449 2046 501 audacter
2071 468 2288 505 asseve-
2362 481 2401 507 .-

237 544 365 577 rans
394 524 648 577 claudum
689 525 859 577 fuisse
900 532 1151 578 sanatum
1191 545 1289 596 per
1329 528 1539 593 Jesum,
1570 535 1763 600 utpote
1793 549 1983 583 verum
2026 532 2287 587 Messiam

243 609 440 676 (7-12).
469 608 723 678 Synedrii
744 608 962 678 judices
991 610 1135 662 inter
1162 629 1221 662 se
1250 611 1575 677 deliberant,
1604 632 1781 683 neque
1809 615 1967 668 aliam
1998 616 2287 670 inveniunt
2380 618 2430 651 Ἃ*

237 693 554 762 expeditam
607 693 769 757 viam,
825 711 987 762 quam
1044 699 1104 745 ut
1157 695 1476 747 minitantes
1528 696 1856 765 prohibeant
1905 717 1973 751 ne
2030 699 2286 768 Apostoli
2386 707 2430 756 Ξ

235 778 432 829 Jesum
463 777 723 846 deinceps
753 777 1060 846 praedicent
1093 778 1330 846 (13-18).
1364 778 1437 830 Hi
1465 785 1648 831 autem
1675 781 2031 849 imperterriti
2061 800 2284 852 respon·
2392 773 2430 794 '²

238 859 371 912 dent
402 861 516 913 Deo
543 861 727 930 potius
759 879 920 930 quam
954 861 1268 914 hominibus
1296 863 1666 914 obediendum
1704 881 1822 916 esse
1867 863 1977 932 (19,
2009 865 2121 932 20).
2155 865 2286 918 Pro-

235 948 359 1011 pter
388 949 592 995 metum
622 949 807 995 autem
836 943 1027 1012 populi
1049 943 1261 995 dimissi
1294 945 1403 1011 (21,
1435 945 1548 1012 22),
1581 945 1814 999 redeunt
1851 946 1920 998 ad
1962 965 2107 999 suos,
2151 946 2285 1015 (23).
2412 999 2430 1018 Σ

239 1026 342 1077 His
379 1028 633 1079 omnibus
671 1028 923 1090 nari-atie,
968 1046 1157 1096 preces
1198 1027 1312 1079 Deo
1353 1029 1590 1080 offerunt
1632 1030 2047 1098 pulcherrimas,
2086 1031 2287 1100 quibus
2359 1084 2362 1086 ,

238 1110 485 1163 divinum
526 1111 824 1180 implorant
861 1111 1145 1175 auxilium,
1189 1118 1267 1174 ut,
1309 1112 1497 1164 invitis
1536 1114 2000 1182 persecutoribUS,
2033 1114 2284 1183 Evange-

237 1194 368 1245 lium
399 1194 671 1263 intrepide
702 1194 1005 1263 praedicare
1043 1194 1210 1263 idque
1249 1195 1524 1247 miraculis
1565 1197 1887 1250 confirmare
1916 1197 2133 1249 valeant
2166 1196 2282 1265 (24-

241 1278 352 1346 30).
397 1279 462 1329 In
504 1279 725 1348 signum
769 1278 972 1331 auditae
1011 1279 1364 1346 precationis,
1406 1279 1600 1332 domus
1628 1281 1683 1332 in
1713 1298 1818 1350 qua
1857 1287 2149 1334 versantur
2188 1300 2284 1351 per

238 1361 559 1413 miraculum
590 1366 971 1414 commovetur
1007 1361 1139 1428 (31).

190 1490 210 1525 1
311 1492 343 1528 ³¹<
374 1487 753 1556 Loquentibus
797 1486 1118 1552 autemsillis
1149 1487 1218 1539 ad
1245 1489 1526 1557 populum,
1557 1495 1994 1558 supervenerunt
2033 1490 2285 1543 sacerdo-

186 1576 211 1612 2
237 1579 339 1635 tes,
369 1578 423 1624 et
453 1572 812 1641 magistratus
843 1572 1053 1641 templi,
1085 1577 1140 1624 et
1172 1571 1479 1635 Sadducaei,
1511 1577 1543 1613 ³¹<
1573 1573 1821 1626 dolentes
1850 1574 1998 1644 quod
2025 1575 2285 1628 docerent

188 1662 214 1699 3
237 1655 519 1724 populum,
550 1660 604 1706 et
634 1655 1032 1707 annunciarent
1059 1654 1114 1705 in
1144 1655 1280 1706 Jesu
1309 1657 1762 1708 resurrectionem
1790 1676 1859 1709 ex
1887 1658 2148 1710 mortuis:
2175 1663 2208 1700 ²¹<
2231 1666 2287 1711 et

238 1739 547 1807 injecerunt
574 1739 629 1789 in
659 1757 751 1790 eos
782 1757 991 1801 manus,
1022 1742 1076 1789 et
1106 1745 1409 1807 posuerunt
1450 1758 1542 1792 eos
1571 1741 1625 1792 in
1655 1740 1959 1794 custodiam
1996 1743 2053 1792 in
2093 1743 2284 1794 crasti-

189 1828 216 1866 4
242 1841 371 1874 num
403 1843 412 1874 :
445 1829 561 1874 erat
589 1822 733 1873 enim
757 1821 868 1890 jam
898 1839 1143 1892 vespera.
1175 1826 1207 1862 *
1238 1822 1402 1874 Multi
1431 1830 1614 1874 autem
1642 1841 1847 1888 eorum,
1879 1825 1971 1894 qui
1999 1825 2287 1878 audierant

242 1906 487 1968 verbum,
531 1905 884 1957 crediderunt
920 1926 929 1957 :
979 1911 1034 1957 et
1063 1903 1258 1971 {factus
1311 1911 1395 1957 est
1442 1925 1699 1959 numerus
1752 1908 1993 1960 virorum
2046 1909 2288 1979 quinque

241 1990 427 2041 millia.

189 2066 213 2105 5
313 2076 345 2113 ²¹<
375 2072 601 2124 Factum
630 2078 715 2124 est
743 2078 926 2124 autem
963 2074 1018 2124 in
1057 2074 1374 2137 crastinum,
1407 2079 1467 2125 ut
1495 2080 1970 2144 congregarentur
2010 2076 2284 2146 principes

299 2287 339 2331 1.
367 2286 672 2332 SACERDo'ms
696 2306 704 2330 :
730 2301 802 2342 gr.
827 2299 933 2330 cum
957 2290 1064 2337 art„
1089 2285 1120 2328 ii
1145 2299 1200 2329 ex
1225 2285 1554 2330 sacerdotibus
1581 2287 1664 2344 qui
1687 2302 1742 2332 eo
1768 2293 1990 2344 ternpore
2011 2287 2284 2334 custodiam
2414 2293 2430 2337 ἡ

238 2357 288 2401 in
321 2357 501 2413 templo
532 2356 754 2413 agebant.
790 2355 858 2399 ΕΤ
891 2367 1214 2399 MAGISTRATUS
1249 2373 1257 2399 :
1292 2369 1488 2399 rursum
1520 2370 1629 2400 cum
1663 2361 1772 2410 art.,
1808 2372 2028 2402 summus
2062 2358 2142 2402 ille
2166 2372 2286 2414 prae-

237 2427 406 2480 fectus,
431 2426 514 2485 qui
538 2426 762 2470 omnibus
796 2424 1136 2470 excubitorum
1170 2424 1429 2481 manipulis
1463 2431 1685 2482 praeerat.
1721 2427 1789 2470 Er
1825 2426 2086 2472 SAnnncfflt
2121 2446 2128 2472 :
2156 2431 2286 2472 secta

238 2496 459 2554 quaedam
492 2500 595 2540 erat
627 2495 755 2539 inter
788 2494 1000 2546 Judaeos,
1040 2493 1392 2538 Pharisaeorum
1427 2500 1571 2539 sectae.
1594 2497 1834 2553 opposita.
1857 2496 1931 2540 Ex
1955 2497 2063 2542 Act.
2086 2496 2285 2550 XXIII,

239 2566 267 2609 8
312 2569 450 2621 patet
485 2577 562 2609 eos
604 2563 753 2617 fuisse
798 2563 936 2621 quasi
983 2562 1339 2615 materiaHstas,
1382 2579 1533 2621 quum
1580 2580 1675 2610 non
1719 2565 2037 2611 admitterent
2078 2565 2282 2623 spiritus

239 2635 443 2680 existere
475 2639 653 2691 praeter
687 2634 861 2685 Deum,
899 2638 1044 2691 atque
1077 2633 1184 2678 ideo
1217 2633 1366 2676 animi
1398 2633 1598 2678 humani
1638 2635 2052 2691 spiritualitatem,
2084 2635 2284 2693 ejusque

236 2704 668 2756 immortalitatem,
705 2712 752 2748 et
790 2703 902 2747 inde
939 2708 1245 2748 mortuorum
1292 2704 1698 2749 resurrectionem
1737 2710 1986 2763 negarent.
2026 2706 2098 2750 De
2139 2706 2292 2750 sectis-

239 2774 520 2819 Judaeorum
553 2773 788 2830 ampliora
821 2773 1002 2817 videsis
1035 2773 1084 2816 in
1121 2773 1293 2819 Gomm.
1322 2779 1489 2818 nostro
1522 2790 1542 2817 s
1592 2775 1779 2826 Matala,
1819 2777 1864 2819 3¹·
1898 2775 1969 2820 ed.
2005 2790 2050 2832 p.
2085 2776 2171 2821 175
2208 2789 2280 2833 sq.

239 2844 492 2889 Sadducaei
532 2848 581 2889 et
617 2844 904 2895 sacerdotes,
943 2843 1168 2900 quamvis
1207 2842 1265 2886 de
1295 2849 1460 2888 ¹cetero
1495 2851 1659 2888 essent
1693 2845 1784 2890 sibi
1820 2846 2026 2890 invicem
2057 2845 2286 2902 oppositi,
2390 2884 2402 2906 τ,

235 2914 469 2960 adversus
497 2927 802 2959 communem
825 2913 1159 2957 adversarium
1183 2913 1478 2969 conspirant,
1505 2915 1632 2972 quod
1658 2914 1786 2960 inter
1821 2915 1972 2960 malos
2005 2915 2110 2958 fieri
2147 2914 2283 2959 solet.
2354 2954 2362 2955 ff
2391 2912 2395 2914 ’

295 2984 335 3027 3.
373 2984 508 3028 ERAT
542 2979 635 3027 ‘JAM
674 2995 883 3028 VESPERA
916 3001 926 3027 ε
959 2997 1072 3026 nam
1112 2983 1322 3027 multum
1359 2986 1590 3040 temporis
1629 2985 1874 3029 effluxerat
1911 2985 1971 3029 ab
2011 2985 2131 3030 hora
2156 2998 2285 3038 nona

235 3054 399 3108 (tertia
429 3059 596 3098 nostra
629 3053 937 3109 vespertina),
978 3052 1116 3110 cujus
1153 3053 1207 3096 fit
1250 3053 1430 3098 mentio
1471 3068 1620 3110 supra
1662 3069 1764 3111 cap.
1813 3054 1912 3106 ΙΙΙ,
1956 3055 1996 3105 1.

293 3124 336 3167 4.
375 3124 567 3175 Aemi,
605 3127 662 3176 δε,
701 3126 869 3174 tamen,
907 3122 1131 3180 quamvis
1171 3123 1392 3179 Apostoli
1433 3123 1483 3166 in
1514 3138 1755 3168 carcerem
1786 3124 1996 3168 fuissent
2029 3123 2234 3180 conjecti
2265 3141 2276 3168 ε

233 3192 414 3250 quippe
442 3192 612 3237 crescit
641 3192 844 3236 celerius
876 3192 1035 3237 ventis
1069 3192 1253 3248 agitata
1284 3192 1441 3237 arbor.
1471 3193 1657 3238 FAc‘rns
1691 3207 1769 3238 ssr
1801 3207 2030 3239 nonanus
2062 3205 2279 3238 vmomm

233 3274 445 3316 QUINQUE
468 3275 649 3307 MILLIA.
675 3262 786 3308 Non
811 3262 928 3307 dicit
954 3262 1312 3320 :adjunxerunt
1336 3277 1388 3307 se
1412 3263 1626 3322 quinque
1659 3265 1838 3319 millia;
1872 3265 2075 3324 ideoque
2107 3265 2280 3322 opinor
2374 3323 2381 3327 ἢ

234 3345 491 3375 numerum
509 3331 882 3377 christianorum
907 3332 1175 3377 accrevisse
1200 3345 1354 3390 usque
1377 3332 1438 3377 ad
1461 3335 1674 3391 quinque
1693 3335 1842 3379 millia
1858 3347 2092 3388 vmomm,
2111 3334 2279 3379 mulie·
2322 3381 2382 3393 “A

237 3401 371 3446 ribus
403 3402 663 3460 puerisque
685 3417 779 3447 non
803 3404 1119 3460 computatis.
2323 3398 2330 3447 Ῐ
2356 3464 2359 3465 ⁷
2389 3399 2405 3444 -j

295 3472 335 3516 5.
361 3470 812 3517 GONGREGARENTUR
845 3485 1092 3519 Pmncnms
1121 3485 1302 3526 nomm,
1332 3485 1388 3516 ΕΤ
1415 3485 1654 3525 snmonns.
1684 3487 1739 3519 Εἰ·
1765 3487 1960 3527 semem,
1981 3474 2013 3529 i.
2044 3488 2084 3520 e.
2107 3485 2273 3519 omnes
2302 3504 2313 3514 .
2335 3478 2347 3517 j
2370 3479 2395 3511 f?

237 3541 462 3599 Synfl‘h'fi
484 3541 687 3599 judices.
718 3542 788 3587 De
817 3542 1045 3600 Synedrio
1074 3542 1468 3589 dissertationem
1498 3543 1789 3590 tradidimus
1819 3545 1871 3590 in
1908 3543 2082 3591 Oomm.
2119 3546 2275 3591 nostr.
2383 3535 2389 3578 Σ

233 3627 270 3657 8.
309 3611 496 3665 Μαλθὼ,
530 3612 574 3656 3⁵
605 3611 678 3657 ed.
714 3627 760 3669 p.
796 3612 1005 3658 117-121.
1937 3617 1943 3620 -
2303 3618 2322 3631 ,γ
2360 3615 2370 3618 >»
