2430 4030
739 303 1031 340 TEMPESTAS
1073 305 1128 340 m
1169 305 1286 342 mas
1325 306 1594 343 vAmmoa.
2084 295 2191 349 257

107 422 126 427 υ
148 434 236 488 die
253 436 462 504 jactum
491 437 737 488 fererunt
762 458 772 488 ι
806 441 838 478 *
867 442 923 488 et
951 438 1113 489 tertia
1141 437 1208 489 de
1237 439 1351 490 suis
1379 439 1635 491 manibus
1659 445 1999 493 armamenta
2021 441 2181 495 navis
2216 451 2269 491 19

12 518 14 521 ’
87 522 113 566 ί·
143 517 510 588 projecerunt.
556 522 588 560 ³¹<
633 517 827 588 Neque
866 524 1051 570 autem
1090 520 1222 582 sole,
1253 538 1432 591 neque
1469 521 1748 586 sideribus
1785 523 2186 592 apparentibus
2213 533 2269 572 20

23 2011 58 2089 ἓ

147 616 244 671 per
274 600 459 669 plures
487 600 624 664 dies,
663 606 720 652 et
747 606 1074 669 tempestate
1103 620 1212 653 non
1241 602 1444 670 exigua
1475 603 1817 667 imminente,
1858 604 1971 673 jam
2001 604 2188 656 ablata

77 711 83 715 ·
111 722 121 737 2
144 688 262 736 erat
289 701 416 753 spes
443 684 622 736 omnis
650 684 843 735 salutis
874 690 1097 737 nostrae.

214 767 247 806 *
277 765 350 818 Et
389 784 512 819 cum
555 766 730 818 multa
764 765 1036 834 jejunatio
1064 766 1285 832 fuisset,
1333 773 1463 820 tunc
1509 773 1661 820 stans
1691 769 1890 821 Paulus
1918 770 1972 820 in
2004 770 2189 825 medio
2215 784 2265 822 21

146 863 348 911 eorum,
393 847 578 900 dixit:
625 847 932 915 Oportebat
961 848 1203 917 quidem,
1249 867 1280 900 o
1311 850 1432 913 viri,
1461 850 1650 902 audito
1699 869 1806 914 me,
1853 869 1962 903 non
1991 852 2187 906 tollere

145 947 178 980 a
211 926 391 992 Creta,
426 929 675 999 lucrique
717 930 892 981 facere
933 930 1190 998 injuriam
1233 930 1391 995 hanc,
1438 938 1494 983 et
1529 933 1823 1000 jacturam.
1855 937 1887 974 *
1928 934 2001 985 Et
2041 953 2188 989 nunc
2213 949 2269 988 22

145 1011 344 1063 suadeo
377 1012 535 1065 vobis
569 1013 714 1064 bono
755 1013 936 1064 animo
983 1031 1134 1065 esse:
1175 1014 1398 1065 amissio
1440 1015 1587 1066 enim
1618 1015 1825 1067 nullius
1853 1016 2050 1069 animae
2082 1020 2188 1070 erit

144 1111 212 1152 ex
237 1094 410 1158 vobis,
438 1100 806 1164 praeterquam
837 1096 1010 1148 navis.
1054 1099 1086 1137 ²¹<
1132 1097 1326 1147 Astitit
1353 1095 1500 1146 enim
1531 1097 1665 1147 mihi
1698 1098 1798 1149 hac
1827 1104 1988 1151 nocte
2017 1118 2187 1171 ange·
2214 1113 2267 1152 23

144 1176 228 1229 lus
273 1177 393 1241 Dei,
438 1177 592 1246 cujus
638 1196 757 1229 sum
796 1197 920 1246 eg0,
968 1184 1023 1230 et
1069 1178 1154 1229 cui
1194 1177 1462 1231 deservio,
1508 1183 1539 1219 ³¹<
1583 1179 1815 1232 dicens:
1867 1181 1951 1233 Ne
1996 1183 2190 1236 timeas
2215 1197 2269 1235 24
2319 1248 2323 1250 ι

202 1416 270 1461 19.
305 1415 618 1462 ARMAMENTA
642 1430 800 1462 NAVIS:
837 1436 910 1470 την
931 1436 1088 1471 σκευην.
1121 1416 1470 1474 Intelligimus,
1504 1420 1558 1460 ut
1579 1416 1744 1461 statim
1780 1417 2007 1471 diximuS,
2033 1421 2194 1465 omnia

92 1533 110 1539 ἢ
142 1485 465 1531 instrumenta
487 1487 684 1545 majora,
708 1498 817 1544 quaa
843 1487 902 1531 ad
936 1501 1108 1531 navem
1138 1476 1478 1542 impellendam
1505 1491 1554 1530 et
1575 1485 1879 1542 dirigendam
1922 1491 2194 1534 necessaria

75 1595 77 1598 Α
143 1560 273 1609 sunt,
305 1556 486 1600 malum
523 1557 767 1614 majorem,
810 1558 965 1602 velum
1000 1557 1120 1602 illud
1154 1571 1383 1612 magnum
1410 1570 1520 1600 cum
1543 1561 1754 1600 antenna
1777 1571 1863 1601 sua
1898 1557 2193 1617 funibusque

142 1626 200 1673 de
222 1642 318 1686 quo
350 1644 396 1675 v.
421 1630 476 1676 17
507 1629 624 1683 (non
657 1630 902 1682 anchoras,
937 1635 991 1674 ut
1023 1633 1091 1674 ait
1130 1629 1255 1673 Beel.
1294 1630 1342 1672 in
1378 1643 1505 1674 vers.
1540 1629 1786 1681 flandrica,
1827 1630 2025 1677 obstant
2057 1647 2102 1677 v.
2137 1634 2193 1677 29

143 1703 192 1744 et
235 1699 332 1752 30):
377 1699 446 1743 ita
492 1699 720 1756 Vulgata,
759 1704 814 1744 ut
856 1699 1064 1744 videtur.
1116 1697 1242 1744 Sunt
1288 1699 1369 1755 qui
1418 1703 1593 1755 putent
1643 1699 1720 1743 hic
1767 1699 2013 1757 designari
2060 1703 2196 1748 ‘navis

143 1767 520 1825 suppellectilem,
553 1773 666 1825 puta
709 1783 904 1821 mensas,
953 1783 1159 1822 scamma,
1198 1768 1332 1813 lectos
1364 1774 1458 1813 etc.
1492 1767 1692 1821 Verum,
1726 1774 1780 1813 ut
1803 1783 1848 1814 v.
1875 1770 1930 1814 18
1951 1771 2194 1823 notabam,

144 1835 312 1891 opiner
349 1850 438 1893 ego
471 1837 578 1891 ista,
614 1843 786 1894 utpote
823 1838 984 1882 minus
1024 1850 1133 1882 cara
1166 1839 1425 1894 minusque
1469 1838 1620 1890 utilia,
1662 1837 1738 1883 die
1763 1840 2065 1894 praecedente
2094 1841 2193 1898 jam

144 1903 296 1962 ejecta
315 1905 479 1950 fuisse.

206 1974 555 2029 Pnomcnnum,
589 1981 643 2022 ut
672 1976 799 2022 ABG
835 1982 882 2022 et
916 1976 1111 2031 Sinait.;
1155 1977 1362 2034 praefero
1406 1983 1567 2022 tamen
1616 1978 1870 2022 lectionem
1916 1979 2194 2037 projecimus

145 2042 276 2099 (GH,
298 2050 439 2102 copt.,
475 2060 573 2102 syr.
600 2051 773 2103 utraq,
801 2061 838 2090 s·
869 2046 1083 2104 Chrys.),
1118 2047 1223 2091 ideo
1250 2047 1522 2102 praesertim
1549 2047 1678 2104 quod
1700 2047 1895 2093 additur
1933 2067 2190 2106 αυτοχειρεις,

141 2113 345 2170 propriis
365 2114 598 2160 manibus.
627 2115 877 2159 Auxilium
906 2122 1151 2161 vectorum
1192 2121 1322 2160 certe
1347 2116 1689 2174 requirebatur
1725 2116 1785 2160 ad
1808 2131 2033 2174 magnam
2061 2119 2192 2163 illam

143 2187 403 2229 antennam
430 2198 538 2229 cum
562 2185 668 2231 velo
694 2199 794 2236 suo,
818 2185 876 2230 de
901 2199 996 2243 qua
1020 2187 1187 2231 statim
1211 2187 1507 2230 mentionem
1531 2186 1751 2239 fecimus,
1774 2186 2132 2244 projiciendam.

202 2253 273 2299 20.
305 2254 465 2310 Quum
489 2256 734 2302 nauticam
768 2255 980 2312 pixidem
1001 2270 1088 2300 acu
1112 2257 1384 2313 magnetica
1408 2257 1704 2301 instructam
1733 2258 1866 2313 (gall.
1892 2257 1937 2301 Ζα
1967 2257 2191 2314 boussole)

143 2337 238 2370 non
256 2329 604 2381 cognoscerent
633 2329 836 2377 veteres,
857 2325 970 2370 solis
1005 2325 1243 2370 sideribus
1267 2325 1395 2370 viam
1421 2340 1591 2382 regere
1618 2331 1856 2384 poterant.
1881 2326 2192 2374 TEMPESTATE

144 2405 238 2438 ΕΘΝ
260 2405 439 2438 mnam
472 2393 659 2448 (litotes)
676 2395 974 2451 pravissima,
997 2407 1282 2447 IMMINENTE,
1304 2414 1569 2449 επικειμενου,
1603 2399 1866 2441 constanter
1889 2397 2192 2443 incumbente.

208 2462 282 2509 21.
315 2464 487 2509 Momm
512 2477 780 2509 JEJUNATIO:
805 2466 854 2509 in
878 2465 960 2510 tali
989 2479 1102 2510 casu
1126 2465 1218 2509 cibi
1243 2480 1328 2521 pro
1354 2480 1486 2510 more
1520 2467 1730 2523 praepari
1754 2481 1808 2511 ac
1830 2467 2028 2512 statutis
2061 2467 2193 2514 horis

145 2533 270 2578 sumi
301 2539 571 2592 nequeunt:
604 2539 767 2581 nautae
792 2536 868 2581 die
893 2539 1127 2594 nocteque
1159 2535 1377 2581 laborare
1409 2536 1605 2590 debent,
1638 2538 1910 2595 praesertim
1950 2545 2005 2584 ut
2044 2553 2192 2597 aquas

146 2601 385 2650 hauriant.
413 2604 666 2658 Praeterea,
708 2611 865 2652 terror
896 2620 1102 2663 magnus
1133 2612 1278 2664 atque
1309 2606 1458 2651 animi
1492 2621 1672 2652 moeror
1713 2622 1860 2652 causa
1897 2614 2012 2653 sunt
2046 2622 2194 2667 quare

145 2677 362 2718 vectores
385 2687 413 2718 a
434 2674 540 2719 cibo
561 2674 851 2729 abstineant,
880 2677 955 2721 vel
976 2691 1148 2734 parum
1187 2677 1279 2721 cibi
1303 2684 1519 2722 sumant.
1547 2703 1603 2709 —
1630 2676 1942 2724 OronraBAT:
1964 2678 2194 2725 fiandrice

145 2739 247 2787 loco
286 2742 556 2800 imperfecti
595 2744 932 2791 adhiberemus
972 2746 1525 2804 plusquamperfectum:
1566 2762 1668 2792 men
1708 2747 1802 2792 had
1846 2749 2024 2805 misnen
2071 2749 2195 2794 ruant

143 2815 316 2857 ‘mocten
339 2813 510 2871 volqen,
537 2812 709 2860 cavan
740 2815 888 2861 Krcta
909 2816 1006 2861 niet
1029 2817 1239 2873 afvaren.
1264 2840 1319 2848 —
1342 2816 1684 2862 LUGRIFACERE
1718 2831 1844 2863 HANG
1877 2831 2108 2863 INJURIAM
2137 2832 2194 2864 m

143 2892 402 2937 JACTURAM,
434 2898 512 2928 eas
547 2884 710 2931 vitare.
736 2885 852 2931 Haec
875 2891 1038 2931 autem
1064 2886 1195 2938 dicit,
1219 2900 1315 2931 non
1351 2891 1407 2932 ut
1439 2900 1518 2932 eos
1566 2893 1758 2935 accuset
1782 2894 1830 2934 et
1854 2889 2190 2946 reprehendat,

76 2988 82 2990 >
138 2951 231 2998 ,sed
255 2957 311 2998 ut
327 2952 630 2999 demonstret
655 2956 756 2999 suis
791 2955 1004 3000 consiliis
1037 2956 1210 3002 merito
1235 2956 1485 3001 fidendum
1511 2972 1632 3004 esse.

203 3023 274 3068 22.
309 3025 512 3070 Amssm
542 3039 744 3072 nunnus
776 3040 940 3072 ANIMAE
971 3041 1079 3073 mur
1117 3041 1178 3073 Ex
1214 3041 1357 3074 vome.
1392 3029 1590 3083 Am’mae,
1624 3030 1758 3077 vitae:
1794 3045 1934 3077 nemo
1966 3046 2023 3077 ex
2056 3031 2193 3079 vobis

35 3095 87 3160 ’νζ
147 3092 341 3150 peribit.
368 3118 425 3126 -
447 3094 495 3140 N
499 3109 600 3141 AV1s
622 3097 833 3155 (supple)
857 3097 1070 3143 amissio.

209 3163 281 3207 23.
314 3163 465 3210 Cusus
497 3178 600 3211 sumv
623 3179 714 3212 neo
745 3180 801 3212 m
829 3181 907 3213 cm
942 3180 1133 3213 saavioz
1167 3171 1280 3213 nota
1315 3169 1446 3226 cujus
1475 3173 1523 3214 et
1547 3169 1623 3214 cui
1645 3174 1694 3215 et
1728 3185 1824 3229 ‘2903
1858 3185 1968 3216 cum
2012 3171 2194 3218 Paulus

0 3284 17 3288 ,
75 3290 85 3295 ⁸
145 3245 302 3279 eoram
332 3234 538 3281 ethnicis
576 3237 817 3295 loquatur,
840 3253 979 3283 suam
1015 3238 1169 3283 Deum
1193 3239 1512 3296 singulariter
1534 3240 1794 3298 significat,
1819 3255 1963 3300 seque
1986 3242 2194 3288 devotis·

11 3295 14 3299 ’
146 3303 325 3349 simum
345 3304 500 3362 ipsius
518 3307 770 3360 cultorem,
786 3308 1000 3367 adeoque
1017 3309 1238 3362 amicum,
1264 3307 1515 3366 praedicat‘,
1544 3325 1600 3356 eo
1617 3318 1748 3357 certe
1772 3312 1867 3357 fine
1885 3317 1940 3358 ut
1962 3313 2192 3370 majorem

146 3372 452 3419 auditoribus
477 3376 669 3434 ingerat
690 3377 935 3423 fiduciam.

204 3441 276 3488 24.
309 3444 497 3490 GAESARI
539 3459 802 3494 Assls‘rmm:
851 3453 1026 3503 Καισαρι
1070 3467 1341 3504 παραστηναι,
1377 3453 1501 3494 stare
1543 3465 1700 3497 coram
1748 3452 1946 3499 Caesare.
1977 3452 2198 3511 ..Repetit

0 3560 11 3571 „
47 3489 277 3578 &Deus
315 3515 687 3570 promissionem
732 3531 878 3575 quam
913 3517 1028 3562 olim
1061 3516 1163 3575 jam
1205 3517 1393 3571 (XX11,
1441 3520 1516 3574 11)
1561 3521 1754 3575 fecerat,
1795 3537 1999 3582 eamque
2035 3523 2194 3579 magis

135 3579 334 3640 definit:
357 3584 426 3631 ibi
447 3585 720 3632 dicebatur:
747 3587 933 3644 Oportet
957 3590 998 3631 te
1022 3591 1063 3632 et
1086 3588 1245 3634 Romae
1267 3588 1520 3646 testificari,
1555 3605 1683 3636 nunc
1730 3591 1930 3638 additur
1976 3593 2192 3638 testimo·
