2430 4030
313 294 379 345 70
767 295 769 298 ‘
894 306 1057 342 Aocrus
1095 306 1487 355 Aros'rotoRUM,
1530 307 1644 345 cnr.
1686 293 1796 346 III.

228 448 283 486 20
308 449 396 496 tur
434 449 657 514 peccata
698 450 898 507 vestra,
928 447 959 483 >k
1003 448 1062 494 ut
1103 461 1225 495 cum
1266 445 1519 496 venerint
1561 449 1807 512 tempora
1846 444 2123 513 refrigerii
2161 464 2191 496 a
2230 463 2360 497 con-

306 534 499 596 spectu
542 527 779 590 Domini,
810 532 865 578 et
893 527 1105 578 miserit
1145 546 1285 590 eum,
1329 527 1422 597 qui
1463 527 1795 596 praedicatus
1837 533 1922 578 est
1964 527 2138 591 vobis,
2168 529 2363 580 Jesum

226 619 277 657 21
308 611 607 676 Christum,
637 615 669 651 >¹<
699 628 861 679 quem
890 618 1110 679 oportet
1151 610 1372 680 quidem
1401 611 1599 663 coelum
1630 611 1906 680 suscipere
1937 629 2110 681 usque
2137 612 2193 662 in
2225 618 2360 665 tem-

300 814 426 872 stylo
456 814 612 860 ferreo
645 814 798 857 literae
831 813 880 856 in
913 813 982 857 eis
1015 811 1427 868 insculpebantur.
1462 812 1623 868 Quum
1660 817 1824 857 autem
1860 812 1907 856 id
1945 812 2075 870 quod
2115 815 2356 869 scriptum

298 892 402 928 erat
438 882 735 927 eradendum
775 882 1043 934 videbatur,
1084 881 1241 939 stylus
1282 881 1579 933 vertebatur,
1626 887 1673 925 et
1719 882 1893 926 obt-usa
1927 882 2031 939 ejus
2065 888 2203 938 parte
2245 897 2359 927 cera

297 954 617 1004 oblinebatur,
649 960 793 1010 atque
827 953 893 996 ita
927 953 1168 1008 scriptura
1193 951 1388 1008 penitus
1416 950 1670 996 delebatur
1695 952 1888 1005 (flandr.
1914 953 2171 1009 uit-vaqen,
2195 952 2359 997 delere

295 1023 527 1074 fricando,
552 1023 786 1075 terendo).
814 1021 931 1066 Haec
957 1021 1184 1077 primaria
1215 1020 1348 1064 verbi
1377 1020 1668 1076 significatio
1695 1027 1942 1078 comparet
1965 1022 2014 1065 in
2038 1023 2185 1079 Apoc.
2211 1021 2309 1074 III,
2334 1024 2360 1066 5

294 1093 405 1138 Non
427 1093 576 1137 delebo
601 1107 766 1137 nomen
793 1092 891 1149 ejus
914 1091 966 1135 de
990 1090 1106 1135 libro
1129 1091 1247 1135 vitce.
1278 1090 1368 1132 Per
1393 1091 1730 1146 metaphoram
1766 1106 1938 1136 sensus
1973 1092 2268 1136 transfertur
2299 1092 2361 1137 ad

295 1164 601 1216 creditorem,
629 1164 727 1220 qui,
755 1178 863 1207 cum
892 1163 1049 1206 soluta
1074 1161 1148 1206 vel
1183 1161 1450 1205 condonata
1483 1166 1600 1205 sunt
1636 1161 1817 1214 debita,
1851 1162 2128 1207 debitorum
2162 1162 2359 1207 nomina

295 1250 321 1279 e
344 1236 466 1280 libro
492 1251 578 1280 suo
601 1236 853 1292 expungit.
883 1235 1040 1286 Porro,
1064 1234 1114 1277 in
1138 1234 1272 1278 Petri
1297 1234 1512 1278 oratione
1535 1234 1701 1289 agitur
1724 1233 1782 1278 de
1806 1234 1982 1279 debitis
2007 1235 2358 1292 spiritualibus,

295 1305 473 1362 quibus
515 1310 737 1362 peccator
780 1320 884 1349 sese
918 1305 1018 1349 Deo
1058 1304 1331 1356 adstrinxit,
1366 1318 1675 1362 quorumque
1709 1305 2044 1350 remissionem
2079 1320 2106 1349 a
2139 1305 2239 1349 Deo
2272 1320 2358 1362 per

294 1376 634 1432 poenitentiam
669 1375 868 1420 obtinet.
906 1374 975 1420 Of.
1011 1375 1110 1419 Col.
1147 1375 1214 1427 II,
1251 1376 1337 1419 14:
1373 1375 1540 1419 Dolens
1574 1375 1831 1430 (εξαλειψας)
1867 1375 1988 1432 qaod
2019 1374 2243 1419 adversus
2275 1389 2357 1419 'nos

294 1448 394 1488 erat
419 1444 602 1501 chiroyr
615 1444 799 1502 siphum.

355 1516 422 1558 ΞΟ.
459 1515 530 1559 ΠΤ
567 1528 663 1558 CUM
697 1527 936 1558 VENERINT
970 1518 1087 1559 etc.:
1117 1519 1221 1559 ὁπως
1254 1534 1300 1558 αν
1336 1521 1522 1558 ελθωσιν.
1564 1514 1641 1558 Ad
1674 1513 2014 1569 explicandum
2047 1513 2176 1557 hunc
2198 1514 2357 1558 locum

294 1590 393 1628 tres
423 1586 697 1641 praesertim
723 1585 901 1629 dantur
925 1585 1195 1637 sententiae,
1221 1600 1430 1642 quarum
1457 1585 1679 1628 ultimam
1709 1583 2049 1640 amplectimur
2074 1603 2083 1627 ε

355 1654 398 1696 1³
435 1653 702 1698 Sententia.
739 1654 1062 1707 Poenitemini,
1097 1660 1149 1698 ut
1183 1655 1307 1699 forte
1340 1654 1415 1700 vel
1453 1659 1505 1697 ut
1539 1652 1737 1697 tandem
1765 1652 1995 1697 adveniat
2019 1658 2213 1710 tempus
2237 1651 2356 1695 illud

294 1723 483 1768 Messiae
502 1724 852 1776 felicissimum,
872 1740 965 1782 quo
985 1726 1305 1769 restituentur
1322 1724 1500 1776 omnia,
1522 1723 1749 1781 quodque
1780 1723 2011 1767 advenire
2029 1723 2198 1780 nequit
2224 1727 2355 1766 ante-

292 1808 435 1852 quam
461 1795 723 1840 electorum
750 1810 982 1840 numerus
1015 1796 1161 1840 fuerit
1192 1796 1480 1851 completus.
1518 1794 1643 1838 Aliis
1673 1793 1835 1839 verbis
1859 1812 1868 1838 :
1893 1797 1951 1837 ut
1973 1793 2107 1838 brevi
2131 1793 2356 1837 adveniat

292 1878 498 1920 regnum
523 1865 610 1908 Dei
635 1865 901 1921 perfectum
924 1869 972 1909 et
995 1865 1206 1916 coeleste,
1229 1879 1441 1921 regnum
1466 1863 1655 1908 Christi
1681 1863 1947 1920 gloriosum
1965 1862 2094 1920 quod
2112 1863 2162 1906 in
2180 1862 2356 1906 ultimo

285 1933 467 1990 judicio
491 1934 738 1978 condetur.
762 1934 856 1978 Sed
881 1935 974 1978 ista
999 1936 1122 1979 ratio
1148 1936 1447 1991 poenitentiae
1473 1934 1673 1991 agendae
1703 1939 1788 1987 (sc.
1810 1947 2065 1977 numerum
2091 1933 2355 1978 electorum

293 2005 533 2060 augendo)
562 2005 678 2049 mihi
701 2006 896 2051 videtur
919 2006 1057 2051 valde
1081 2011 1263 2050 remota
1290 2011 1338 2050 et
1363 2020 1535 2062 parum
1563 2005 1726 2049 efficax
1755 2003 1814 2048 ad
1840 2002 2100 2049 movendos
2123 2003 2153 2047 J
2158 2002 2319 2048 udaeos
2344 2021 2354 2047 :

293 2074 446 2118 multa
480 2076 641 2118 secula
673 2075 927 2131 praeterire
960 2081 1182 2131 poterant
1213 2081 1472 2132 antequam
1507 2088 1747 2118 numerus
1781 2073 1874 2118 iste
1906 2078 2036 2118 esset
2067 2073 2352 2128 completus.

291 2143 477 2186 Deinde
520 2144 696 2187 Petrus
738 2158 832 2187 non
870 2144 985 2188 dicit
1024 2145 1314 2201 poenitemini
1345 2148 1396 2188 ut
1428 2145 1567 2188 citius
1600 2144 1793 2189 veniant
1827 2147 2036 2201 tempora
2067 2141 2303 2200 refriqerii
2338 2160 2351 2185 :

290 2211 446 2268 gratis
473 2212 672 2256 additur
693 2213 813 2256 illud
843 2214 996 2257 citius.

349 2285 395 2326 2³
422 2281 689 2327 Sententia.
720 2284 1036 2336 Poenitemini,
1064 2290 1117 2328 ut
1141 2284 1397 2342 aliquando
1425 2283 1549 2328 vobis
1581 2284 1838 2340 contingat
1873 2282 2076 2327 felicitas
2111 2281 2354 2327 Dominici

287 2353 419 2397 illius
443 2353 647 2406 redituS,
673 2358 823 2411 utque
850 2354 977 2397 Deus
1003 2355 1163 2398 mittat
1188 2368 1380 2398 rursum
1406 2353 1661 2397 Christum
1698 2368 1839 2398 suum
1869 2352 1931 2397 ad
1953 2366 2030 2398 vos
2053 2351 2354 2398 beatitudine

286 2423 558 2477 donand0s;
596 2423 624 2467 i.
660 2438 700 2468 e.
734 2424 1050 2480 poenitemini,
1084 2430 1139 2468 ut
1171 2429 1403 2468 aeternam
1438 2424 1645 2467 salutem
1694 2423 1939 2481 quondam
1974 2421 2351 2479 consequamini.

287 2493 407 2537 Haec
441 2494 679 2538 sententia
716 2494 875 2550 priore
910 2494 1198 2550 probabilior
1231 2499 1321 2546 est;
1361 2493 1445 2537 sed
1491 2493 1646 2538 eidem
1683 2493 1845 2538 obstat
1879 2493 2067 2537 dictum
2093 2493 2274 2536 fuisse:
2301 2495 2354 2536 ut

285 2563 475 2607 veniant
508 2566 775 2620 tempora...,
809 2566 860 2606 ut
891 2564 1015 2607 Deus
1046 2563 1201 2607 mittat
1229 2563 1482 2614 Christum,
1516 2577 1612 2607 non
1637 2567 1805 2607 autem
1839 2581 1848 2607 :
1874 2567 1925 2606 ut
1949 2562 2074 2607 vobis
2100 2561 2354 2607 adveniant

286 2638 508 2691 tempora,
534 2638 586 2678 ut
611 2635 738 2678 Deus
770 2634 1009 2679 Christum
1034 2634 1095 2679 ad
1118 2649 1194 2678 vos
1220 2633 1482 2678 liberandos
1508 2633 1690 2677 mittat.

348 2705 392 2747 3⁸
427 2704 692 2749 Sententia.
728 2705 1050 2757 Poenitemini,
1094 2710 1161 2756 ut,
1199 2719 1306 2748 cum
1341 2704 1563 2749 venerint
1600 2705 1668 2758 (αν
1706 2718 1794 2761 pro
1827 2723 1911 2759 εαν,
1943 2703 2349 2762 quemadmodum

289 2776 427 2821 Joan.
461 2777 580 2829 XII,
617 2777 672 2821 32
708 2782 755 2820 et
787 2776 926 2830 XIV,
961 2777 1003 2830 3)
1039 2781 1257 2833 tempora
1291 2776 1607 2832 refrigerii...‚
1645 2777 1853 2832 (supple)
1890 2777 2030 2820 etiam
2065 2790 2138 2821 vos
2171 2779 2268 2820 tum
2299 2775 2353 2820 in

287 2850 528 2907 refriqerio
550 2848 672 2893 sitis,
697 2849 775 2894 Ita
796 2853 962 2893 nostra
983 2847 1195 2905 Vulgata
1218 2854 1265 2891 et
1290 2847 1360 2892 Cl.
1390 2847 1600 2892 BEELEN.
1636 2848 1775 2903 Quod
1802 2863 1916 2893 vero
1941 2847 2350 2893 constructionem

285 2920 477 2971 attinet,
515 2924 629 2963 nota
669 2917 719 2961 in
759 2917 848 2961 hac
893 2917 1134 2961 sententia
1175 2916 1277 2960 dari
1310 2917 1525 2974 protasia
1560 2916 1747 2973 absque
1781 2916 1991 2974 apodosi,
2025 2930 2109 2960 seu
2141 2915 2351 2960 alterum

287 2990 630 3049 propositionis
655 2988 929 3033 membrum
953 2993 1116 3032 mente
1144 2987 1365 3032 reticeri.

345 3061 652 3113 Rnrfflemzn,
676 3065 872 3105 aeternae
898 3058 1156 3110 felicitatis,
1183 3071 1290 3115 quae
1309 3057 1457 3115 justis
1484 3058 1745 3115 continget
1768 3073 1798 3102 a
1823 3060 2061 3115 conspectu
2087 3056 2300 3108 Domini,
2322 3070 2347 3102 a

292 3130 494 3175 Domino
527 3130 784 3184 (redundat
810 3145 900 3175 vox
923 3131 1218 3187 conspectus),
1242 3129 1271 3171 i.
1297 3142 1337 3172 e.
1361 3142 1506 3186 quam
1542 3127 1693 3180 Deus,
1714 3127 1960 3183 justorum
1998 3130 2347 3178 remunerator,

289 3204 399 3256 post
435 3199 644 3243 alterum
680 3200 865 3244 Christi
903 3199 1166 3244 adventum
1203 3198 1438 3255 largietur
1471 3216 1480 3241 :
1521 3196 1757 3242 Servator
1797 3197 1927 3240 enim
1970 3195 2129 3240 denuo
2170 3194 2348 3247 veniet,
2424 3204 2429 3226 2

289 3269 468 3313 missus
494 3283 521 3312 a
546 3268 661 3321 Deo,
697 3274 942 3326 tamquam
968 3268 1118 3326 judex
1151 3267 1372 3312 vivorum
1405 3276 1453 3311 et
1487 3273 1810 3311 mortuorum.
1837 3290 1893 3298 -
1919 3265 2033 3308 EUM
2059 3277 2145 3318 QUI
2168 3276 2347 3308 PRAEDI-

288 3350 429 3383 carus
461 3351 539 3383 ns‘r
570 3351 716 3398 voms
736 3339 883 3384 refert
915 3339 1169 3383 lectionem
1199 3355 1586 3393 προκεκηρυγμενον,
1621 3350 1730 3393 quae
1772 3350 1828 3379 ex
1853 3349 1956 3392 cap.
1982 3333 2130 3386 XIII,
2157 3333 2216 3378 24
2239 3339 2348 3378 orta

286 3408 499 3460 videtum
535 3408 619 3452 sed
652 3409 795 3465 longe
827 3409 997 3453 melior
1031 3413 1105 3453 est
1137 3407 1280 3453 lectio
1311 3422 1705 3463 προκεχειρισμενον,
1741 3419 1890 3463 quam
1917 3404 2097 3449 habent
2122 3401 2343 3448 ABODE
2416 3437 2430 3483 ὲ

285 3484 393 3531 etc„
424 3492 629 3536 quaeque
662 3478 905 3535 significat
928 3497 938 3523 ι
963 3479 1046 3537 qui
1076 3478 1203 3524 vobis
1233 3477 1494 3523 destinatus
1524 3490 1610 3521 seu
1638 3474 1992 3534 praeordinatus
2029 3476 2108 3527 est,
2131 3486 2198 3518 sc.
2223 3475 2344 3517 tam-

285 3563 430 3606 quam
453 3548 681 3593 Messias.

343 3619 415 3663 21.
453 3617 682 3671 OPORTET,
723 3632 834 3663 nam
873 3617 1162 3675 praedictum
1201 3621 1291 3672 est,
1332 3633 1375 3663 v.
1414 3631 1490 3675 gr.
1530 3616 1579 3660 in
1622 3615 1814 3661 Psalmo
1861 3613 1992 3660 CIX.
2036 3613 2237 3673 oportet,
2271 3611 2342 3658 ait
2414 3588 2430 3666 Ξ,

2415 3500 2430 3584 ἐ
