2430 4030
398 426 404 427 ,
442 413 443 416 ,
493 381 734 420 stonum
771 383 923 420 PETRI
959 385 1028 420 An
1065 387 1302 425 POPULUM
1339 391 1557 463 JoDAEoM
1596 395 1798 434 ORATIO.
2086 389 2146 440 '71

157 469 243 561 ἡ,

251 511 664 567 ·restitutionis
692 515 952 580 omnium,
977 534 1098 586 quae
1119 519 1331 574 locutus
1359 529 1444 575 est
1471 521 1616 577 De'us
1644 545 1738 596 per
1764 547 1822 581 os
1851 537 2153 584 sanctorum

136 583 188 656 ’ξε
187 570 362 658 {rum
389 615 421 650 a
446 596 648 651 saeculo
676 596 1093 667 Prophetarum.
1125 606 1156 642 ³¹<
1186 603 1404 673 ¹Moyses
1434 608 1651 676 quidem
1689 610 1863 663 dixit:
1895 613 2152 678 Quoniam
2174 634 2228 672 22

139 680 475 753 ophetam
516 681 807 734 suscitabit
857 683 1012 735 vobis
1056 684 1324 738 Dominus
1375 689 1520 741 Deus
1567 698 1745 744 vester
1790 694 1855 746 de
1900 695 2154 752 fratribus

162 835 163 838 Ἴ
138 755 357 849 vpinu,
394 769 678 833 tamquam
722 781 825 828 me,
873 764 1049 834 ipsum
1097 767 1333 820 audietis
1377 769 1536 839 juxta
1587 775 1765 826 omnia
1810 794 2155 849 quaecumque

135 996 314 1061 ἥρωι
347 1002 374 1047 1
408 1001 515 1047 Gor.
556 1000 668 1053 XV,
706 1000 778 1053 25,
814 1000 951 1046 illum
993 1017 1186 1060 reynarc
1226 1005 1292 1058 (in
1329 1007 1464 1057 coelo,
1497 1007 1736 1052 sedentem
1769 1025 1796 1053 a
1827 1010 2004 1055 dextris
2037 1013 2157 1068 Dei),

107 1068 207 1133 ff„
242 1085 279 1115 ο
300 1073 450 1130 ponat
483 1084 638 1116 omnes
669 1069 886 1115 inimicos
918 1070 999 1114 sub
1027 1072 1220 1129 pedibus
1259 1073 1370 1129 ejus,
1404 1074 1433 1116 i.
1466 1089 1502 1118 Θ.
1538 1076 1683 1120 donec
1717 1077 1842 1122 Deus
1875 1094 2036 1124 omnes
2069 1082 2159 1138 ipsi

107 1136 156 1159 ·’“
216 1145 336 1185 etus
367 1139 656 1197 subjecerit:
684 1138 774 1184 hoc
806 1145 965 1184 autem
999 1141 1214 1195 perficiet
1246 1141 1306 1185 ad
1331 1142 1473 1186 finem
1503 1145 1784 1197 seculorum,
1807 1161 1910 1191 cum
1939 1149 2158 1195 Christus

138 1160 370 1256 ’ΐᾶἰοίιιιιι
393 1214 664 1255 extremum
696 1209 936 1254 exercebit
967 1215 1111 1267 atquo
1143 1212 1304 1254 omnia
1335 1212 1634 1259 instaurabit.
1669 1214 1876 1269 QmDEM,
1899 1235 1984 1271 μεν,
2009 1219 2160 1262 solita,

108 1251 293 1356 >1.5';-‘m‚·
315 1280 518 1338 supple:
542 1279 626 1338 qui
646 1284 804 1324 tamen
828 1279 1098 1358 aliquando,
1125 1283 1320 1337 tempove
1347 1283 1653 1328 restitutionis
1676 1285 1893 1338 omnium,
1919 1288 1977 1330 ad
2002 1302 2160 1344 supre-

160 1362 277 1402 *zum
297 1349 461 1395 veniet
476 1347 714 1407 judicium
739 1351 787 1393 et
809 1353 924 1393 tunc
949 1348 1106 1393 omnia
1126 1348 1381 1402 renovabit,
1408 1358 1455 1396 et
1484 1353 1618 1409 quasi
1640 1354 1933 1409 reqenerabit.

139 1416 431 1473 'ERMJOBA
462 1430 810 1463 an'n'runoms
841 1429 1045 1468 OMNIUM,
1080 1418 1417 1474 intelliguntur
1451 1425 1664 1478 tempora
1697 1423 1867 1479 quibus
1890 1424 2164 1470 instauratio

119 1476 311 1540 mundi
350 1487 580 1540 universi,
625 1501 733 1546 quae
782 1488 944 1544 priore
988 1486 1172 1531 Christi
1215 1487 1424 1532 adventu
1478 1490 1696 1535 inchoata
1749 1496 1837 1543 est,
1881 1491 2163 1539 absolvetur.

110 1556 162 1623 0}
161 1566 366 1622 inum,
385 1559 481 1605 ait:
505 1560 617 1618 quia
637 1574 734 1604 non
756 1560 911 1605 solum
935 1559 1090 1610 hom0,
1115 1559 1200 1602 sed
1223 1560 1366 1603 etiam
1395 1576 1471 1605 res
1499 1562 1641 1619 hujus
1663 1564 1828 1607 mundi
1853 1562 2165 1619 irrationales,

156 1643 253 1677 »uoe
283 1631 426 1676 simul
447 1645 557 1676 cum
581 1631 775 1676 homine
807 1629 1098 1682 ceciderunt,
1136 1631 1448 1684 νΘεύίέιιΘιιίιιι,
1472 1638 1520 1676 et
1545 1648 1639 1677 non
1664 1638 1853 1677 tantum
1879 1642 2166 1690 reponentur

107 1696 121 1755 ς’
138 1695 197 1750 111
227 1706 409 1746 statum
441 1701 493 1745 in
523 1715 619 1760 quo
650 1707 789 1746 erant
820 1707 932 1746 ante
966 1706 1209 1755 peccatum
1245 1701 1489 1758 originale,
1515 1703 1668 1748 sedin
1691 1704 2005 1748 conditionem
2028 1706 2166 1763 longe
2217 1740 2220 1743 >

161 1770 391 1815 uelim-em
427 1789 436 1815 :
474 1770 533 1814 cf.
575 1770 715 1815 Rom.
757 1769 901 1821 VIII,
944 1770 998 1813 19
1046 1784 1166 1826 sqq.;
1210 1770 1235 1812 2
1279 1771 1403 1814 Petr
1451 1772 1544 1823 III,
1591 1773 1658 1816 13.
1701 1773 1828 1818 Nota
1870 1780 2025 1818 tamen
2070 1791 2166 1821 voc.

130 1839 353 1887 omnium
373 1854 470 1884 non
495 1853 637 1896 posse
660 1838 881 1883 absolute
907 1838 1048 1890 sumi,
1073 1838 1146 1881 vel
1173 1852 1279 1881 cum
1306 1838 1511 1897 Origene
1537 1842 1594 1885 de
1619 1843 1721 1898 ipso
1746 1841 1941 1893 diabolo,
1967 1843 2039 1887 vel
2062 1858 2166 1888 cum

99 1908 254 1970 ’ἷ-ρὶἰίει
275 1909 515 1956 haereticis
539 1909 599 1954 de
621 1908 862 1953 damnatis
894 1907 955 1951 ad
976 1921 1142 1964 poenas
1171 1907 1366 1951 inferni.

99 1975 113 2018 ἐ
207 1978 325 2037 QUAE
347 1984 566 2037 tempora
589 1978 914 2023 restitutionis
938 1978 1224 2022 universalis
1250 1993 1332 2034 per
1364 1978 1589 2024 Messium
1624 1980 1876 2025 efficiendae
1903 1983 2045 2034 (nunc
2073 1982 2170 2039 jam

94 2047 366 2108 .='³-inoeptae,
399 2054 454 2094 ut
486 2050 653 2094 statim
685 2048 916 2101 dicebam,
955 2054 1117 2104 postea
1138 2062 1251 2092 vero
1274 2049 1589 2104 perficiendae)
1614 2063 1812 2094 Locorus
1833 2063 1908 2093 Eser
1933 2051 2058 2094 Deus
2083 2064 2172 2094 PER

96 2115 204 2182 gos
233 2132 510 2188 mucronum
543 2131 733 2165 sumum
766 2133 795 2162 A
825 2130 996 2163 sucuro
1033 2130 1380 2162 PROPHETARUM
1417 2138 1425 2163 ι
1459 2120 1486 2162 i.
1520 2135 1559 2164 e.
1594 2126 1808 2176 tempora
1842 2120 1920 2163 illa
1951 2120 2058 2164 olim
2090 2135 2172 2177 per

96 2197 344 2240 :functos
367 2193 628 2250 prophetas
652 2207 766 2238 suos
794 2191 1030 2249 praedixit.

203 2255 280 2308 22
312 2261 501 2308 MOsts
531 2275 732 2318 QUIDEM.
766 2263 892 2308 Huic
923 2261 1120 2319 quidem,
1151 2281 1221 2314 μεν
1259 2263 1355 2318 (γαρ
1377 2263 1617 2319 glossema
1640 2266 1729 2317 est)
1755 2262 2006 2318 respondet
2027 2279 2091 2305 και
2114 2266 2173 2314 δε,

98 2344 199 2400 ἢ,
219 2334 290 2388 24,
311 2331 402 2379 hoo
423 2349 600 2380 sensu:
626 2334 821 2392 Moyses
848 2333 1042 2391 quidem
1067 2333 1420 2377 restitutionem
1456 2333 1620 2377 mundi
1644 2348 1728 2389 per
1762 2333 1926 2376 Jesum
1951 2331 2171 2374 Messiam

117 2448 141 2459 „
168 2403 488 2449 rficiendam
525 2405 765 2462 praedixit,
799 2404 883 2447 sed
915 2410 963 2446 et
995 2403 1078 2455 (και
1109 2406 1169 2456 δε)
1204 2416 1368 2446 omnes
1400 2403 1479 2446 alii
1513 2404 1757 2460 prophetae
1794 2416 1894 2445 eam
1933 2399 2172 2444 vaticinati

210 2475 282 2518 ·.1·.
299 2471 494 2531 Moyses
517 2474 644 2517 enim
669 2471 915 2518 nuntiavit
936 2479 1195 2516 venturum
1222 2485 1326 2514 esse
1354 2487 1580 2527 magnum
1606 2473 1882 2528 prophetam
1902 2468 2171 2525 (Messiam),

214 2542 379 2590 ‘soret
410 2543 731 2589 obediendum
765 2544 854 2588 sub
889 2557 1028 2600 poena
1060 2543 1470 2594 emteminationis,
1496 2545 1523 2588 i.
1547 2559 1587 2587 e.
1616 2542 1967 2591 intemecionis,
1994 2538 2172 2594 supple,

194 2612 316 2659 illo
337 2613 571 2671 propheta
594 2613 889 2659 inferendae
878 2629 928 2657 in
952 2612 1119 2656 mundi
1152 2615 1297 2664 exitu,
1321 2613 1511 2669 quando
1546 2614 1719 2657 redibit
1750 2612 1807 2656 do
1839 2611 1954 2654 coelo
1975 2609 2033 2652 ad
2053 2608 2171 2665 judi-

160 2663 283 2747 sium
301 2683 588 2737 universale,
608 2689 657 2729 et
679 2686 841 2730 omnia
862 2684 911 2726 in
932 2684 1176 2738 integrum
1200 2683 1439 2726 restituet.
1467 2707 1517 2712 -
1545 2684 1639 2727 Alii
1667 2682 1807 2726 verba
1834 2679 2007 2736 Moysis
2039 2677 2097 2720 ad
2129 2691 2170 2719 v.

147 2755 225 2829 ,0
243 2751 471 2807 referunt,
505 2767 654 2812 eaque
686 2755 754 2798 sic
784 2754 1055 2811 explicant:
1083 2751 1209 2810 quod
1243 2753 1383 2797 modo
1414 2753 1664 2804 affirmavi,
1697 2751 1864 2795 Jesum
1899 2748 2032 2792 vobis
2063 2746 2173 2790 olim

233 2825 562 2883 p=romissum
582 2827 733 2872 fuisse
757 2827 1002 2878 Messiam,
1028 2826 1147 2870 illud
1181 2826 1327 2882 probo
1363 2840 1447 2881 per
1479 2826 1677 2883 Moysen
1709 2824 1939 2867 dicentem
1969 2825 2054 2863 etc.
2081 2817 2174 2861 Sed

264 2898 316 2942 t
339 2908 385 2942 v.
413 2897 484 2950 21,
505 2897 555 2941 in
578 2910 674 2955 quo
695 2897 822 2941 clare
843 2897 1143 2953 significatur
1166 2895 1244 2939 hic
1277 2909 1547 2940 sermonem
1584 2893 1744 2938 haberi
1775 2892 1833 2936 de
1865 2887 2172 2947 praedictioni-

221 2970 377 3023 quae
397 2974 618 3025 spectant
637 2966 699 3010 ad
722 2970 928 3023 tempora
951 2964 1252 3008 restitutionis
1273 2964 1521 3020 qeneialis.

171 3038 277 3101 ’²352
273 3046 455 3089 ·οιῐΙΔΜ,
475 3036 884 3081 ὁτινΘοίίαέίυιιτηι
910 3035 970 3079 cf.
992 3048 1101 3078 ann.
1127 3034 1186 3078 ad
1210 3034 1274 3085 ΙΙ,
1303 3034 1371 3077 13.

181 3098 303 3165 ιξῗςιι
387 3117 501 3150 TAM
530 3117 796 3150 suscrrnmtr
827 3117 959 3150 voms
993 3104 1210 3148 DoMmus
1234 3111 1335 3155 etc„
1362 3117 1414 3147 ex
1445 3103 1581 3146 Deut.
1604 3099 1802 3152 XVIII,
1826 3099 1896 3143 15-
1904 3098 1968 3148 19,
1991 3096 2050 3140 ad
2072 3109 2172 3139 sen-

191 3180 259 3231 ..3ss
271 3183 398 3224 ⁵silon
417 3177 479 3222 ad
502 3177 678 3222 verba:
703 3191 740 3222 s.
765 3159 940 3221 Petrus
965 3175 1123 3220 locum
1156 3174 1432 3218 memoriter
1464 3172 1689 3217 laudavit.
1724 3170 1855 3214 Idem
1888 3173 2046 3212 autem
2076 3179 2173 3209 ora.-

216 3237 230 3241 „
316 3244 502 3292 etiam
535 3247 705 3293 citavit
739 3261 776 3292 s.
811 3244 1104 3303 Stephanus,
1139 3243 1262 3287 infra
1298 3241 1701 3294 V11‚37;unde
1739 3237 2063 3282 concludimus
2101 3233 2177 3278 vel

252 3307 505 3371 Judoeos
527 3319 631 3366 haec
651 3319 799 3368 verba
818 3319 880 3365 ad
902 3318 1151 3364 Christum
1183 3315 1427 3366 retulisse;
1462 3315 1603 3372 idque
1633 3310 1983 3369 aliquantulum
2014 3306 2177 3352 confir-

286 3390 590 3443 osseam:
615 3391 660 3445 1,
680 3393 756 3446 45;
781 3390 845 3446 V,
867 3392 939 3436 45.
963 3391 1195 3434 Attamen
1217 3391 1440 3432 contexta
1464 3385 1614 3429 oratio
1637 3383 1684 3426 in
1706 3395 1806 3437 cap.
1828 3377 2006 3424 XVIII
2039 3376 2176 3420 Dent.

281 3458 430 3555 ,getha
437 3462 741 3517 demonstrat
773 3461 838 3507 ibi
869 3472 1138 3506 sermonem
1170 3457 1275 3502 fieri
1306 3456 1365 3500 de
1389 3453 1618 3500 omnibus
1641 3450 1767 3497 veris
1794 3446 2041 3503 Prophetis
2070 3449 2177 3501 post

339 3529 638 3581 venturis
662 3533 762 3587 sed,
785 3531 915 3591 quod
945 3530 1092 3588 probe
1123 3525 1472 3573 attendendum
1510 3530 1600 3574 est,
1625 3521 1756 3565 inter
1787 3516 2049 3573 Prophetas
2074 3514 2180 3558 illos
2410 3526 2430 3574 ’ἦ

403 3614 487 3659 ‘nn
520 3607 596 3651 ’Θεῇ
611 3602 884 3658 Christum
923 3606 974 3647 et
1013 3602 1220 3658 primum
1259 3594 1451 3655 quidem
1494 3593 1648 3638 locum
1687 3592 1894 3644 occupat,
1929 3588 2181 3641 propterea

338 3663 531 3763 ipflo
546 3676 623 3723 vis
654 3690 711 3723 ac
740 3689 878 3722 mens
910 3672 1158 3740 prophetae
1191 3681 1431 3716 summum
1463 3661 1682 3720 attigerit
1713 3657 1928 3719 gradum.
1964 3653 2092 3709 Ergo
2122 3652 2180 3696 de
