2430 4030
700 338 956 375 CHRISTUS
995 341 1055 376 IN
1094 342 1278 378 COELUM
1316 343 1587 380 ASOENDI'I'.
2090 339 2156 390 41
2234 332 2243 339 η

40 459 58 504 3
116 486 240 539 quae
283 469 457 538 coepit
499 469 667 522 Jesus
695 471 894 536 facere,
936 478 992 524 et
1037 473 1250 537 docere,
1296 479 1328 515 ²¹<
1371 478 1620 545 usquein
1649 478 1811 542 diem,
1840 497 1943 549 qua
1971 485 2157 550 praeci·

114 551 273 620 piens
323 552 608 621 Apostolis
654 570 753 621 per
800 552 1067 621 Spiritum
1114 562 1381 620 sanctum,
1435 575 1569 627 quos
1613 559 1836 627 elegit,
1849 571 2160 640 assumptus

114 638 236 685 est·
282 637 314 674 ³¹<
356 633 556 702 quibus
584 640 640 686 et
667 635 908 703 praebuit
936 636 1175 705 seipsum
1204 639 1388 691 vivum
1429 646 1555 708 post
1594 642 1897 708 passionem
1927 662 2077 697 suam
2103 648 2156 698 in

114 716 306 768 multis
333 718 696 786 argumentiS,
743 736 839 780 per
869 718 985 771 dies
1019 721 1383 789 quadraginta
1410 741 1678 791 apparens
1706 725 1802 789 eie,
1849 732 1904 777 et
1932 727 2160 796 loquens

111 958 150 1005 il
172 975 218 1004 se
242 961 328 1004 mit
349 961 377 1006 ἀ
393 959 526 1017 faire
551 961 653 1005 telle
675 976 733 1006 ou,
760 961 860 1006 telle
883 961 1024 1006 chose.
1061 962 1162 1006 Ista
1186 962 1411 1020 loquendi
1433 965 1553 1008 ratio
1575 965 1623 1008 in
1647 965 1936 1023 Evangeliis,
1963 983 2157 1025 praeser-

110 1034 199 1078 tim
236 1033 364 1089 apud
402 1048 440 1077 s·
467 1032 660 1085 Lucam,
706 1048 1036 1092 saepenumero
1062 1035 1297 1078 occurrit:
1339 1050 1381 1079 v.
1422 1050 1495 1092 gr.
1537 1037 1649 1080 Luc.
1676 1037 1771 1089 ΙΙΙ,
1795 1039 1820 1082 8
1844 1039 1914 1085 Ne
1939 1041 2160 1098 coeperitis

109 1103 271 1156 dicere,
296 1103 426 1160 quod
447 1104 527 1149 vix
548 1103 709 1149 differt
743 1119 770 1148 a
810 1120 866 1148 ne
906 1104 1131 1155 diceritis
1170 1111 1222 1148 ut
1262 1105 1510 1162 colligitur
1540 1122 1594 1150 ex
1618 1108 1718 1152 loco
1741 1110 1963 1165 parallelo
1985 1111 2156 1155 Matth.

113 1173 210 1226 III,
236 1174 278 1224 9,
304 1174 387 1218 ubi
411 1175 592 1232 legitur
626 1189 681 1218 ne
702 1175 852 1219 velitis
874 1175 1053 1226 dicere;
1089 1181 1136 1218 et
1159 1190 1208 1218 re
1232 1175 1422 1232 quidem
1451 1192 1577 1228 vera,
1617 1193 1711 1222 non
1745 1179 2159 1235 reprehenduntur

109 1245 143 1288 ii
183 1245 267 1302 qui
306 1244 465 1288 dicere
501 1244 752 1301 incipiunt,
793 1245 877 1288 sed
915 1245 1199 1300 prohibetur
1239 1246 1436 1290 omnino
1473 1262 1531 1289 ne
1569 1261 1724 1291 sermo
1763 1248 1872 1291 talis
1914 1250 2156 1295 habeatur.

110 1314 183 1359 Cf.
206 1314 351 1358 etiam
383 1314 491 1358 Luc.
517 1313 666 1364 XIII,
688 1314 774 1365 25;
798 1314 939 1365 XIV,
966 1314 1020 1357 29
1045 1319 1134 1357 etc.

169 1382 362 1426 FACERE
396 1396 452 1426 ΕΤ
485 1395 680 1433 ΒΟΟΕΒΕ,
714 1382 815 1439 ejus
851 1383 996 1426 verba
1034 1388 1080 1426 et
1115 1397 1274 1439 opera,
1316 1398 1398 1426 seu
1438 1389 1586 1428 totam
1625 1385 1725 1441 ejus
1766 1386 1913 1430 vitam
1952 1390 2154 1432 narravi.

107 1451 308 1497 Facere.-
343 1451 438 1495 tria
475 1453 749 1508 praesertim
788 1467 987 1508 operum
1037 1467 1216 1507 genera
1256 1452 1505 1509 intellige:
1553 1454 1599 1496 1⁰
1645 1455 1881 1498 virtutum
1928 1457 2155 1512 exempla,

109 1521 156 1565 2⁰
189 1521 433 1573 miracula,
468 1520 513 1563 3⁰
551 1522 830 1565 Passionem
870 1527 918 1564 et
960 1526 1177 1565 mortem.
1219 1521 1418 1565 Docere:
1461 1522 1552 1565 tria
1585 1524 1727 1566 etiam
1762 1529 1876 1566 sunt
1916 1526 2157 1581 praecipua

111 1589 346 1634 doctrinae
370 1590 554 1646 capita:
596 1592 642 1634 1ο
665 1591 895 1635 veritates
920 1590 1185 1641 credendae,
1223 1590 1269 1632 2Ο
1296 1605 1483 1634 morum
1520 1601 1774 1647 praecepta,
1808 1600 1856 1636 et
1892 1594 1937 1636 3⁰
1963 1595 2157 1638 consilia

111 1660 402 1716 evangelica.
431 1662 612 1704 Auctor
635 1660 753 1703 dicit
779 1659 988 1716 primum
1006 1660 1163 1716 facere
1190 1667 1237 1703 et
1260 1660 1368 1703 dein
1394 1660 1563 1710 docere,
1593 1668 1843 1717 propterea
1869 1664 1996 1720 quod
2019 1679 2157 1708 nemo

109 1728 297 1773 utiliter
321 1735 370 1773 et
391 1729 646 1772 efficaciter
684 1729 836 1772 docere
877 1731 1043 1784 possit,
1085 1729 1179 1771 nisi
1214 1729 1348 1784 prius
1375 1730 1543 1785 fecerit
1582 1731 1785 1785 ipsemet
1826 1746 1932 1788 quae
1963 1733 2070 1776 aliis
2094 1734 2157 1777 sit

110 1797 476 1854 praedicaturus.
502 1798 696 1842 Fortior
719 1799 846 1841 enim
871 1803 944 1841 est
969 1812 1057 1841 vox
1079 1798 1236 1854 operis
1263 1812 1404 1853 quam
1430 1799 1548 1842 oris:
1572 1799 1713 1842 verba
1733 1801 1925 1857 quidem
1946 1810 2155 1853 movent,

109 1866 198 1910 sed
225 1867 442 1922 exempla
468 1867 685 1910 trahunt.

169 1937 208 1978 2.
246 1937 559 1980 PRAEcirums.
595 1935 761 1980 Graece
786 1936 1096 1993 participium
1134 1946 1207 1979 est
1233 1936 1399 1979 aoristi
1428 1943 1731 1989 εντειλαμενοςε
1766 1943 2010 1997 postquam
2045 1957 2152 1999 apo-

2182 498 2208 536 2

2183 566 2395 604 <Astu-42·
2386 549 2430 594 Ἐ

2185 668 2210 705 3

27 2009 34 2012 “
109 2007 248 2052 stolis
271 2022 299 2050 a
324 2021 375 2050 se
397 2008 561 2052 electis
585 2010 813 2064 praecepta
851 2022 950 2050 suae
976 2006 1205 2050 doctrinae
1232 2006 1441 2057 dedisset,
1480 2009 1552 2051 vel
1582 2020 1875 2065 praeceptum
1900 2012 1967 2065 (in
1992 2013 2152 2069 singu-
2205 2054 2209 2059 ,

0 3182 26 3307 ‚smvff
0 2933 20 2963 w,
19 2881 21 2883 ι
14 2845 18 2847 ,
2 2779 21 2802 ,Α
8 2748 15 2750 ,

107 2077 214 2131 lari)
250 2076 369 2120 illud
396 2077 620 2120 ultimum
647 2076 905 2133 quojussit
929 2083 995 2126 ut,
1034 2086 1203 2119 euntes
1244 2077 1291 2118 in
1332 2077 1563 2120 mundum
1604 2079 1898 2131 universum,
1931 2081 2154 2126 docerent

107 2161 273 2191 omnes
298 2156 468 2204 gentes
494 2146 687 2201 (Matth.
711 2146 955 2197 XXVIII,
980 2146 1047 2195 19,
1075 2147 1166 2199 20).
1196 2169 1249 2175 —
1280 2147 1375 2188 PER
1401 2146 1636 2190 SPIRITUM
1661 2161 1888 2201 SANCTUM,
1922 2152 2058 2204 refer,
2081 2158 2154 2202 vel

108 2218 170 2262 ad
190 2219 480 2275 praecipiens,
514 2232 622 2261 cum
647 2231 682 2260 s.
709 2216 909 2273 Chrys:
952 2226 1248 2273 praeceptum
1287 2217 1486 2261 docendi
1528 2232 1693 2262 omnes
1727 2226 1894 2275 gentes
1926 2227 2152 2279 apostolis

106 2287 240 2331 dedit
268 2287 494 2331 Christus
522 2302 605 2344 per
633 2286 873 2343 Spiritum
898 2290 1136 2336 sanctum,
1179 2285 1316 2342 cujus
1351 2300 1521 2342 nempe
1555 2287 1805 2343 plenitudo
1837 2298 1938 2334 erat
1963 2292 2012 2335 in
2035 2294 2153 2349 ipso,

106 2368 155 2403 et
179 2373 264 2416 per
288 2373 431 2415 quem
456 2359 618 2402 omnia
641 2357 996 2401 Incarnationis
1022 2367 1067 2400 et
1102 2355 1471 2413 Redemptionis
1505 2371 1649 2414 opera
1684 2359 1895 2414 perfecit,
1933 2368 1988 2404 ut
2011 2364 2151 2419 expli·

107 2431 323 2475 cabimus
347 2431 454 2475 Act.
478 2429 540 2482 X,
567 2430 635 2473 38.
679 2429 784 2480 Vel,
822 2443 930 2472 cum
955 2442 1077 2472 vers.
1108 2427 1215 2485 Syr.
1256 2435 1304 2471 et
1343 2443 1380 2471 s.
1409 2428 1551 2484 Aug„
1582 2443 1662 2485 per
1689 2429 1917 2486 Spiritmn
1944 2438 2152 2478 sanctum

108 2501 316 2544 refertur
337 2499 397 2543 ad
421 2514 533 2557 quos
556 2499 705 2555 eleqit,
743 2497 861 2541 adeo
899 2503 953 2540 ut
993 2497 1214 2554 quaedain
1249 2497 1314 2540 sit
1347 2496 1604 2541 verborum
1630 2498 1874 2555 trajectio:
1900 2516 1999 2544 cum
2023 2517 2150 2546 man·

107 2572 222 2617 data
247 2571 443 2616 dedisset
467 2571 704 2628 apostoli&
730 2583 841 2628 quos
859 2583 942 2626 per
967 2568 1199 2626 Spiritum
1223 2573 1432 2612 sanctum
1459 2569 1665 2625 eleqerat.

169 2642 210 2684 3.
243 2642 300 2685 ΙΝ
335 2653 504 2684 munus
535 2651 854 2690 ARGUMEN‘HS,
886 2652 970 2695 per
1007 2637 1155 2681 multa
1192 2642 1476 2694 aryumenta,
1511 2643 1627 2694 puta
1652 2639 1935 2695 palpandum
1961 2656 2010 2684 se
2035 2657 2148 2696 prae-

107 2712 275 2763 bendo,
302 2711 501 2756 vulnera
525 2709 840 2760 ostendendo,
862 2708 1021 2752 cibum
1045 2708 1293 2759 sumendo,
1316 2716 1403 2750 etc.
1439 2730 1493 2738 —
1534 2708 1630 2750 Pes
1660 2721 1763 2752 Dies
1795 2722 2147 2762 QUADRAGmTA:

107 2797 205 2828 non
229 2788 304 2826 tot
326 2780 496 2824 diebus
529 2779 851 2829 continenter,
885 2777 969 2822 sed
1001 2777 1281 2834 frequenter
1308 2791 1394 2833 per
1427 2776 1544 2820 illud
1577 2779 1807 2833 temporis
1840 2781 2062 2834 spatium.
2094 2805 2150 2812 —

109 2853 328 2907 LQQUENS
350 2863 411 2894 DE
437 2862 592 2893 REGNO
621 2849 725 2893 DE1.
749 2866 798 2890 τα
822 2865 911 2901 περι
932 2865 1002 2898 της
1019 2852 1229 2901 βασιλειας
1253 2865 1319 2889 του
1340 2852 1455 2899 Scau,
1490 2845 1542 2889 de
1570 2846 1627 2890 iis
1652 2861 1750 2903 quce
1772 2847 1833 2890 ad
1855 2864 2042 2904 requam
2063 2850 2150 2893 Dei

103 2923 351 2982 pertinent,
376 2921 407 2963 i.
430 2934 470 2964 e.
497 2919 556 2962 ad
580 2918 860 2973 religionem
886 2915 1214 2958 christianam.

165 2992 375 3049 Reqnum
400 2990 503 3040 Dei,
523 2990 598 3034 vel
627 2986 816 3037 Christi,
836 2984 910 3029 vel
933 2985 1158 3035 melei-,um
1181 2985 1432 3039 multiplici
1458 2999 1602 3027 sensu
1626 2985 1673 3027 in
1698 2999 1820 3029 novo
1846 2986 2147 3031 'lestamento

107 3065 303 3111 dicitur.
325 3065 398 3106 Ac
421 3065 466 3106 1⁰
490 3061 700 3119 quidem,
720 3059 1024 3116 significatur
1050 3057 1240 3100 Messiae
1263 3058 1513 3107 adventus,
1533 3071 1626 3112 quo
1651 3057 1874 3098 nimirum
1898 3058 1944 3099 in
1971 3059 2146 3103 mundo

75 3172 78 3173 ν
108 3135 388 3180 restitutum
414 3131 508 3176 fuit
537 3131 636 3176 veri
664 3131 752 3174 Dei
775 3143 998 3186 regnum,
1025 3128 1054 3171 i.
1078 3142 1116 3170 e.
1142 3127 1301 3170 cultus
1325 3126 1456 3202 ejus.
1498 3124 1643 3168 Marc.
1671 3125 1708 3174 I,
1734 3126 1788 3169 15
1818 3126 2060 3182 Impletura
2084 3131 2146 3170 est

108 3208 284 3262 tempus
322 3206 363 3246 et
398 3199 794 3260 appropinquavit
833 3212 1022 3254 reqnum
1049 3195 1151 3247 Dei,
1189 3196 1217 3238 i.
1259 3210 1298 3238 e.
1330 3195 1428 3250 jam
1467 3194 1659 3238 advenit
1698 3194 1914 3237 Messias.
1953 3195 1998 3236 20
2035 3195 2145 3250 Ipsa

109 3274 280 3330 religio
302 3286 447 3331 quam
472 3270 677 3314 Messias
701 3267 963 3317 nuntiavit,
982 3272 1029 3309 et
1055 3279 1132 3308 res
1159 3277 1323 3308 omnes
1348 3277 1453 3320 quae
1480 3263 1541 3305 ad
1564 3263 1692 3305 illam
1717 3263 1972 3318 pertinent,
1987 3265 2145 3316 verbo,

22 3325 59 3399 Ξῖ
107 3348 210 3391 tota
249 3354 385 3387 novae
423 3339 544 3396 legis
583 3337 872 3387 oeconomia3
913 3336 1067 3391 igitur
1101 3334 1246 3377 etiam
1279 3331 1492 3374 Ecclesia
1514 3346 1657 3408 quam
1682 3331 1906 3374 Christus
1929 3333 1976 3374 in
2006 3333 2145 3375 terris

15 3402 43 3447 Ν·
91 3411 358 3462 fundavit:
396 3424 491 3468 quo
527 3422 672 3452 sensu
711 3406 788 3449 hic
830 3403 1121 3449 sumendum
1163 3411 1251 3446 est.
1295 3402 1341 3443 30
1376 3401 1626 3444 Ecclesia
1614 3415 1660 3442 in
1686 3401 1804 3444 coelo
1827 3401 2142 3457 triumphans,

16 3499 73 3547 q*
108 3499 197 3529 seu
234 3483 338 3528 vita
372 3492 568 3534 aeterna‚
609 3477 858 3525 beatitudo
893 3475 1131 3520 coelestis:
1166 3474 1272 3516 Act.
1315 3470 1456 3522 XIV,
1493 3472 1563 3514 21.
1610 3470 1736 3514 Sunt
1773 3472 1854 3528 qui
1894 3472 1958 3514 ita
2003 3472 2142 3514 etiam

23 3562 84 3609 323
66 3553 350 3615 explicent
373 3551 631 3597 secundam
658 3547 902 3594 Orationis
933 3546 1190 3588 Dominicoe
1215 3542 1517 3599 petitionem.
1540 3541 1766 3586 Adveniat
1785 3555 1974 3598 oeynum
1997 3544 2140 3590 tuunu

31 3631 276 3679 «utrum
301 3629 446 3674 recte,
469 3621 679 3667 diximus
703 3619 765 3664 ad
786 3617 961 3662 Matth.
979 3614 1068 3670 VI,
1100 3613 1152 3658 10
1178 3612 1304 3667 (vide
1329 3611 1510 3656 Gomm.
1530 3618 1678 3655 nostr.
1704 3612 1747 3654 3⁸
1762 3611 1836 3655 ed
1861 3608 2140 3662 1880-1882).

2175 2151 2230 2182 1³2¹*ae
2246 2156 2290 2190 &si
2303 2162 2318 2177 ἰ
2334 2165 2342 2177 l
