2430 4030
204 282 308 335 254
705 294 870 333 Ac'rus
907 294 1308 344 Aros'rononUM,
1349 295 1460 335 οΑΡ.
1500 281 1745 339 XXVII.

130 447 180 483 12
204 435 236 472 ²¹<
266 431 338 482 Et
367 447 494 482 cum
519 434 680 499 aptus
710 436 903 499 portus
932 449 1043 483 non
1073 437 1220 484 esset
1247 431 1317 484 ad
1359 432 1730 497 hiemandum,
1776 434 1999 503 plurimi
2043 424 2259 488 statue-⁷

202 517 331 567 runt
356 512 647 563 consilium
688 512 950 580 navigare
992 511 1138 576 inde,
1182 513 1229 564 si
1273 513 1551 582 quomodo
1593 520 1839 582 possent,
1892 503 2317 583 devenientesffl'}

204 594 518 657 Phoenicen,
564 593 823 656 hiemare,
870 599 1093 662 portum
1134 593 1315 647 Gretae
1350 595 1740 663 respicientem
1780 597 1851 649 ad
1892 597 2144 662 africum,
2197 596 2294 652 et

128 691 181 729 13
203 677 271 729 ad
297 695 502 728 corum.
551 681 584 717 ³¹<
634 678 932 746 Aspirante
980 683 1165 729 autem
1206 684 1414 743 austrO,
1445 679 1786 732 aestimantes
1815 682 2160 750 propositum
2195 700 2254 736 se
2304 696 2310 747 ζ

129 774 182 811 14,
205 768 391 813 tenere
428 778 552 812 cum
593 761 950 813 sustulissent
987 761 1055 812 de
1097 762 1299 827 Asson,
1330 763 1596 831 legebant
1636 763 1875 818 Cretam.
1907 769 1940 805 ³¹<
1969 764 2095 818 Non
2128 770 2256 835 post
2289 755 2325 814 ·1³7
2380 746 2386 759 ⁴

206 843 438 896 multum
483 848 667 895 autem
721 843 870 896 misit
918 861 975 895 se
1024 849 1216 896 contra
1266 845 1443 914 ipsam
1496 850 1694 899 ventus
1749 847 2104 916 typhonicuS,
2162 849 2257 917 qui
2302 846 2334 919 Tj
2381 855 2388 911 ἐ

263 1013 334 1056 12.
366 1012 570 1056 Pmmm
595 1030 603 1055 ι
629 1020 663 1055 οἱ
690 1019 862 1066 πλειους,
891 1012 1065 1056 melius
1101 1012 1322 1071 plerique,
1357 1012 1406 1056 la
1439 1011 1644 1069 plupart.
1672 1035 1726 1043 —
1750 1012 1828 1056 AD
1861 1024 2075 1057 Aramum
2106 1025 2163 1057 ΕΤ
2195 1025 2256 1057 An
2316 1020 2349 1068 ζ
2377 1002 2390 1049 s‘

206 1093 399 1126 comm:
433 1081 544 1138 gall.
577 1096 678 1127 vers
711 1082 750 1126 Ze
784 1081 1057 1128 Suel-Gaesi
1088 1085 1128 1126 et
1161 1082 1201 1125 le
1233 1081 1542 1128 Nomi-Onesi.
1579 1081 1676 1126 Sed
1707 1081 1966 1127 difficultas
2000 1088 2076 1126 est
2112 1082 2163 1126 in
2203 1095 2257 1127 eo
2320 1115 2327 1145 3

205 1153 335 1210 quod
364 1162 536 1210 portus
560 1154 639 1197 ille
662 1168 759 1198 non
783 1154 1009 1199 videatur
1033 1154 1186 1198 fuisse
1207 1158 1352 1210 aptus
1374 1153 1435 1197 ad
1457 1153 1785 1206 hiemandum,
1806 1155 1847 1199 si
1871 1155 2119 1211 expositus
2140 1154 2256 1198 fuis·
2311 1161 2331 1211 ᾖ
2385 1160 2394 1175 ·

204 1231 278 1268 set
305 1228 450 1268 vento
475 1223 619 1267 africo
642 1231 690 1267 et
714 1231 859 1268 vento
892 1237 1016 1268 coro.
1045 1223 1160 1269 Ideo
1183 1222 1289 1268 *W.
1319 1222 1495 1274 Smith,
1536 1223 1614 1277 (N.
1648 1223 1699 1266 T.
1725 1222 1917 1280 history)
1945 1223 2091 1268 verba
2112 1223 2258 1280 ‘respi-
2320 1218 2326 1246 s
2379 1223 2392 1244 Ἀ·

205 1292 399 1337 cientem
421 1293 483 1337 ad
505 1293 705 1349 africum
729 1296 769 1336 et
793 1293 855 1336 ad
878 1307 1035 1337 corum
1058 1292 1206 1337 sumit
1231 1293 1369 1350 quasi
1393 1292 1522 1336 dicta
1553 1307 1581 1335 a
1612 1293 1775 1336 nautis
1811 1294 1856 1347 (a
1889 1293 2067 1350 quibus
2101 1292 2257 1338 Lucas
2316 1294 2328 1342 ζ
2385 1303 2388 1307 ’

205 1363 341 1408 istud
364 1368 492 1407 certe
518 1363 760 1418 audierit),
780 1364 876 1420 qui,
902 1365 942 1407 si
962 1378 986 1407 e
1005 1378 1127 1408 nave
1147 1363 1413 1418 respiciunt
1438 1368 1634 1418 portum
1657 1363 1813 1415 illum,
1831 1369 2032 1408 ventum
2053 1363 2258 1407 africum
2382 1372 2387 1381 ·

205 1438 254 1478 et
275 1439 475 1478 ventum
498 1446 662 1478 corum
696 1434 745 1476 in
779 1433 947 1477 faciem
983 1447 1121 1477 suam
1154 1434 1421 1488 excipiunt3
1447 1433 1538 1484 vel,
1567 1433 1650 1489 qui
1682 1433 1743 1477 ad
1777 1433 1979 1477 africum
2013 1437 2061 1477 et
2091 1446 2258 1478 corum
2330 1472 2349 1490 ,Α
2388 1434 2396 1450 '²

205 1506 371 1550 oculos
402 1510 683 1549 convertere
715 1505 909 1556 debent,
944 1520 1054 1549 cum
1090 1511 1284 1561 portum
1318 1505 1456 1548 illum
1491 1506 1670 1549 intueri
1703 1506 1877 1551 volunt
1905 1524 1915 1550 ε
1943 1520 2058 1562 ergo
2086 1518 2256 1550 sensus
2335 1499 2342 1541 ἶ
2394 1503 2399 1518 ²

116 1586 125 1591 ·
205 1582 352 1629 esset,
376 1580 572 1632 portum
600 1576 875 1620 Phoenicem
905 1581 1121 1620 tutatum
1155 1576 1306 1619 fnisse
1341 1582 1513 1620 contra
1547 1583 1746 1620 ventum
1767 1576 1973 1620 africum
1999 1581 2049 1621 et
2075 1589 2257 1630 corum.
2320 1578 2339 1619 ἰ

207 1645 358 1697 Tunc,
383 1647 464 1697 ait,
490 1647 613 1690 situs
636 1645 768 1689 illius
794 1650 965 1701 portus
989 1647 1132 1703 plane
1151 1645 1378 1690 convenit
1396 1660 1504 1689 cum
1525 1645 1759 1690 hodierno
1776 1645 1935 1700 Latro,
1953 1646 2036 1691 ubi
2052 1651 2258 1699 tantum,
2299 1666 2302 1667 ⁷
2379 1641 2402 1702 *r

207 1731 263 1760 ex
289 1720 390 1761 tota
411 1730 493 1760 ora
517 1716 675 1760 Oretae
699 1716 1016 1768 meridionali,
1043 1716 1188 1760 statio
1211 1721 1287 1759 est
1313 1730 1420 1773 quae
1445 1716 1609 1760 nautis
1635 1730 1825 1772 semper
1848 1721 1957 1761 tuta
1979 1716 2044 1761 sit
2070 1715 2259 1773 (utpote
2343 1707 2351 1723 ⁹
2386 1683 2404 1780 Ξ

208 1787 442 1830 adversus
466 1793 641 1830 ventus
665 1785 985 1830 occidentales
1014 1789 1270 1841 protecta).
2354 1823 2355 1826 ,
2384 1779 2403 1849 J*

267 1856 338 1899 13.
365 1855 704 1912 Paraphrasis:
731 1870 834 1899 cum
856 1855 1024 1899 leniter
1037 1854 1160 1911 flare
1184 1854 1389 1911 eoepisset
1411 1859 1568 1899 auster
1593 1855 1819 1909 (ὑποπνειν,
1847 1855 2008 1900 leniter
2014 1856 2150 1913 flare,
2167 1855 2258 1908 vel,
2333 1854 2357 1885 ’-
2384 1805 2407 1973 ³

211 1931 264 1970 ut
288 1925 515 1982 Vulgata,
549 1925 778 1982 aspirare,
810 1925 1040 1969 secundus
1070 1926 1199 1978 esse),
1235 1924 1331 1968 rati
1363 1939 1408 1967 se
1437 1925 1728 1982 propositum
1759 1940 1897 1969 suum
1926 1940 2055 1982 posse
2086 1925 2260 1983 exequi,
2327 1935 2339 1974 5
2391 1923 2406 1999 ῖς

211 1993 410 2038 sublatis
436 1993 667 2045 anchoris,
694 1994 837 2038 Cretae
861 2008 992 2038 oram
1015 1993 1211 2050 propius
1239 1993 1458 2050 (propius
1484 2007 1629 2050 quam
1655 1993 1758 2036 fieri
1782 1994 1904 2038 solet
1933 2012 1939 2037 :
1966 2012 2109 2047 ασσον,
2135 2007 2259 2039 com·
2346 2011 2354 2030 1
2392 2005 2405 2049 ξ

212 2064 420 2119 parativi
437 2064 590 2108 rarior
607 2063 762 2107 forma
785 2063 843 2107 ab
868 2082 968 2117 αγχι
994 2078 1075 2107 seu
1102 2082 1238 2117 εγγυς,
1258 2077 1397 2119 prope
1407 2081 1422 2114 ;
1443 2063 1683 2118 interpres
1706 2068 1867 2107 autern
1889 2073 2052 2108 noster
2073 2062 2261 2119 putavit
2276 2111 2286 2120 V„
2394 2055 2406 2126 ff

209 2147 316 2177 esse
339 2147 513 2177 nomen
540 2133 790 2188 proprium
816 2133 921 2184 loci,
951 2136 1113 2186 Asson)
1143 2131 1362 2188 leqebam.
1381 2132 1513 2189 Ergo
1532 2138 1721 2185 ventus,
1741 2134 1823 2189 qui
1846 2132 2079 2177 hactenus
2103 2147 2128 2176 e
2149 2145 2261 2178 coro
2316 2178 2317 2182 ,
2396 2141 2407 2183 “,

209 2202 409 2247 flaverat
444 2202 526 2257 (du
557 2201 888 2256 Nocm-Ouest),
914 2203 1014 2259 jam
1049 2207 1267 2245 mutatus
1300 2206 1403 2245 erat
1435 2202 1485 2245 in
1519 2207 1755 2245 austrum.
1789 2225 1846 2232 -—
1878 2201 2090 2255 Phoenix,
2123 2201 2260 2259 cujus
2403 2198 2408 2238 ⁵,

210 2279 408 2328 portum
435 2271 679 2327 petebant,
704 2279 805 2315 erat
829 2271 1130 2315 occidentem
1154 2284 1326 2314 versus
1351 2270 1563 2326 (proprie
1594 2285 1658 2314 au
1693 2269 2029 2323 Nord·Ouest);
2058 2269 2261 2326 ideoque
2324 2300 2331 2322 ;

209 2352 390 2386 ventus
418 2342 497 2385 ille
523 2341 869 2393 meridionaliS,
897 2340 1142 2384 secundus
1171 2347 1275 2384 erat
1301 2341 1461 2396 potius
1485 2354 1630 2396 quam
1656 2341 1942 2383 contrarius.

270 2413 339 2454 14.
358 2410 499 2454 MISIT
517 2423 567 2454 SE
587 2422 766 2454 CONTRA
789 2422 933 2453 IPSAM
950 2409 1184 2463 (Cretam)
1207 2427 1215 2452 :
1235 2414 1412 2462 επεβαλε
1433 2408 1663 2462 κατάυτης,
1684 2409 1812 2465 quod
1831 2409 2002 2453 melius
2023 2407 2257 2452 vertitur:
2324 2461 2332 2470 ,

207 2479 306 2523 ruit
345 2494 374 2523 a
414 2479 545 2522 litore
585 2479 756 2522 insulae
797 2480 945 2532 (certe
978 2493 1005 2521 a
1037 2482 1200 2522 monte
1238 2477 1326 2520 lda
1357 2477 1669 2527 descendens,
1706 2485 1760 2521 ut
1793 2477 2052 2521 hodiedum
2085 2475 2160 2529 fit)
2196 2475 2258 2521 ad
2311 2475 2336 2518 ⁴1?

208 2562 388 2599 navem,
420 2547 536 2592 adeo
570 2554 624 2591 ut
658 2562 761 2591 eam
798 2548 847 2590 in
879 2547 1034 2591 altum
1068 2560 1199 2589 mare
1232 2546 1556 2601 propelleret:
1584 2564 1689 2589 κατα
1713 2561 1824 2590 cum
1857 2546 2009 2602 genit.
2035 2561 2079 2599 a,
2104 2545 2177 2599 ab,
2205 2549 2260 2590 ut
2300 2544 2341 2588 ,’.’

212 2617 386 2662 Matth.
412 2616 557 2669 VIII,
578 2617 647 2661 32.
677 2617 868 2662 Ventus
893 2617 1023 2659 enim
1052 2616 1330 2673 euroaquilo
1356 2630 1452 2659 non
1480 2621 1669 2671 poterat
1693 2630 1738 2660 se
1760 2616 1938 2660 mittere
1961 2619 2120 2660 contra
2140 2616 2258 2660 litus
2306 2614 2331 2643 ³5

209 2677 389 2730 insulae*
418 2685 741 2730 meridionale.
786 2685 975 2730 vimus
1019 2697 1324 2736 TYPHONICUS,
1365 2684 1673 2738 turbulentus,
1706 2685 1986 2742 procellosus
2024 2686 2066 2740 (a
2103 2693 2262 2740 τυφων,·
2308 2682 2341 2739 ζ’

207 2757 377 2812 turbo),
402 2770 483 2811 QUI
508 2768 722 2800 VOCATUR
744 2755 1053 2809 EUROAQmLo
1077 2755 1326 2809 (flandrice
1347 2756 1400 2799 de
1421 2755 1698 2802 noord-Oost
1720 2759 1884 2808 storm;
1910 2756 2144 2808 strictiuS,
2165 2769 2259 2802 sec.

211 2828 363 2883 Bisp.,
390 2824 894 2877 Ost-Nord-Ostwind).
922 2825 1046 2870 Loco
1069 2824 1383 2882 Euroaquil0‚
1403 2824 1533 2882 quod
1552 2830 1628 2870 est
1645 2826 1691 2868 in
1711 2824 1847 2870 codd.
1866 2823 1985 2868 AB*
2002 2828 2051 2869 et
2071 2823 2267 2878 Sinnin,

209 2898 392 2953 legitur
423 2895 687 2952 Euroclydo
721 2895 848 2948 (ευρυς
882 2894 1007 2938 latus
1041 2899 1089 2938 et
1122 2899 1275 2938 κλυδων
1298 2894 1490 2951 fluctus,
1522 2894 1606 2952 qui
1637 2895 1759 2940 latos
1792 2894 1969 2939 fluctu:
2001 2894 2182 2948 movet)
2207 2888 2258 2938 in
2321 2915 2334 2946 2·

209 2966 348 3011 codd.
375 2964 591 3017 GHB**,
615 2972 662 3009 et
687 2965 737 3008 in
759 2978 909 3009 verss.
935 2978 1030 3020 syr.
1057 2968 1233 3020 utraq.,
1256 2963 1386 3019 apud
1418 2963 1610 3022 Chrys„
1634 2956 1850 3021 Theoph.
1874 2969 1964 3009 etc.
1987 2963 2059 3008 De
2084 2968 2258 3016 cetero,
2292 2965 2338 3018 ῥ’ῑ·

209 3049 296 3079 nec
318 3049 418 3080 voc.
448 3039 710 3088 ευροακυλων,
735 3047 891 3090 neque
916 3037 1176 3087 ευροκλυδων,
1202 3033 1331 3089 apud
1355 3033 1509 3077 ullum
1541 3033 1690 3077 alium
1723 3033 2032 3090 antiquitatis
2057 3032 2277 3090 scripto-r

208 3119 314 3148 rem
340 3106 600 3160 reperitur.

272 3173 390 3230 Quae
424 3179 589 3218 narrat
627 3188 665 3218 s.
705 3173 859 3218 Lucas
900 3173 960 3218 de
1002 3177 1145 3218 vento
1178 3174 1273 3218 isto
1305 3173 1678 3231 Euroaquilone,
1711 3173 1875 3218 subito
1907 3173 2140 3226 irruente,
2170 3170 2284 3217 diu

207 3243 501 3300 persistente
536 3241 642 3293 (der
675 3243 731 3285 14
762 3242 864 3286 dies
899 3257 941 3287 v.
978 3241 1072 3297 27),
1106 3257 1191 3299 per
1224 3242 1419 3287 modum
1447 3242 1682 3300 typhonis
1707 3240 1882 3299 (germ.
1917 3238 2310 3299 Wzrbelstur‘m,
2283 3263 2310 3302 .,·

209 3312 256 3356 fl.
281 3309 563 3363 draaiwind,
586 3311 638 3355 de
658 3311 855 3355 vav-ende
886 3312 1060 3367 vrouw)
1085 3311 1247 3363 flante,
1271 3317 1322 3356 et
1355 3316 1465 3368 post
1499 3317 1700 3356 ventum
1735 3310 2102 3356 meridionalem
2131 3302 2286 3374 excib-

209 3387 331 3433 δαῖος
357 3373 580 3424 similiter
602 3394 656 3424 ea
678 3394 786 3437 ομιτ)
808 3381 958 3426 refert
982 3381 1041 3426 de
1062 3382 1184 3426 coelo
1206 3395 1292 3438 per
1314 3386 1508 3426 tantum
1521 3379 1764 3460 ’temporis
1790 3379 2008 3438 spatium
2041 3368 2308 3432 nubibus

208 3449 516 3495 densissimis
539 3455 765 3506 cooperto
788 3450 852 3505 (v.
877 3450 951 3506 20)
978 3454 1028 3496 et
1049 3450 1108 3495 de
1131 3450 1298 3508 pluvia
1322 3450 1616 3508 gravissima
1635 3464 1731 3508 qua
1754 3449 1977 3496 absoluta
2007 3449 2102 3495 fuit
2133 3453 2219 3495 teu
2222 3441 2301 3524 .’'J·'

211 3524 413 3577 postas.
446 3519 550 3564 haec
580 3520 741 3564 omnia
771 3524 820 3564 et
852 3521 1047 3577 singula
1079 3535 1108 3565 a
1146 3520 1514 3578 navigatoribus
1550 3527 1737 3567 nostrae
1771 3519 1948 3574 aetatis,
1980 3519 2065 3578 qui
2102 3498 2246 3585 ἰείῑιῐιῇζ·Ξ

209 3587 359 3635 maris
384 3593 595 3634 tractum
617 3588 895 3646 frequentes
920 3593 1280 3645 percurrerunt,
1303 3589 1511 3636 mirabili
1537 3589 1726 3636 ratione
1747 3589 2115 3638 confirmantur.
2173 3605 2179 3608 ·
2199 3530 2266 3607 ’ἃ
