<?xml version="1.0" encoding="UTF-8"?>
<!DOCTYPE html PUBLIC "-//W3C//DTD XHTML 1.0 Transitional//EN"
    "http://www.w3.org/TR/xhtml1/DTD/xhtml1-transitional.dtd">
<html xmlns="http://www.w3.org/1999/xhtml" xml:lang="en" lang="en">
 <head>
  <title>
</title>
<meta http-equiv="Content-Type" content="text/html;charset=utf-8" />
  <meta name='ocr-system' content='tesseract 3.04.00' />
  <meta name='ocr-capabilities' content='ocr_page ocr_carea ocr_par ocr_line ocrx_word'/>
</head>
<body>
  <div class='ocr_page' id='page_1' title='image "actusapostolorum00steeuoft_0110.png"; bbox 0 0 2430 4030; ppageno 0'>
   <div class='ocr_carea' id='block_1_1' title="bbox 0 3886 91 4030">
    <p class='ocr_par' dir='ltr' id='par_1_1' title="bbox 0 3886 91 4030">
     <span class='ocr_line' id='line_1_1' title="bbox 0 3886 91 4030; baseline 0 0"><span class='ocrx_word' id='word_1_1' title='bbox 0 3886 91 4030; x_wconf 95' lang='lat' dir='ltr'> </span> 
     </span>
    </p>
   </div>
   <div class='ocr_carea' id='block_1_2' title="bbox 2177 0 2430 188">
    <p class='ocr_par' dir='ltr' id='par_1_2' title="bbox 2177 0 2430 188">
     <span class='ocr_line' id='line_1_2' title="bbox 2177 0 2430 188; baseline 0 3842"><span class='ocrx_word' id='word_1_2' title='bbox 2177 0 2430 188; x_wconf 95' lang='lat' dir='ltr'> </span> 
     </span>
    </p>
   </div>
   <div class='ocr_carea' id='block_1_3' title="bbox 299 237 1776 300">
    <p class='ocr_par' dir='ltr' id='par_1_3' title="bbox 299 237 1776 300">
     <span class='ocr_line' id='line_1_3' title="bbox 299 237 1776 300; baseline -0.002 -8"><span class='ocrx_word' id='word_1_3' title='bbox 299 241 401 292; x_wconf 84' lang='lat'>104</span> <span class='ocrx_word' id='word_1_4' title='bbox 812 240 815 244; x_wconf 83' lang='grc'><strong>’</strong></span> <span class='ocrx_word' id='word_1_5' title='bbox 851 254 1012 290; x_wconf 71' lang='lat' dir='ltr'>Ac‘rus</span> <span class='ocrx_word' id='word_1_6' title='bbox 1050 253 1446 300; x_wconf 77' lang='lat' dir='ltr'>APOSTOLORUM,</span> <span class='ocrx_word' id='word_1_7' title='bbox 1487 253 1599 290; x_wconf 77' lang='lat' dir='ltr'>CAP.</span> <span class='ocrx_word' id='word_1_8' title='bbox 1641 237 1776 289; x_wconf 88' lang='lat' dir='ltr'>VII.</span> 
     </span>
    </p>
   </div>
   <div class='ocr_carea' id='block_1_4' title="bbox 213 387 2336 458">
    <p class='ocr_par' dir='ltr' id='par_1_4' title="bbox 213 387 2336 458">
     <span class='ocr_line' id='line_1_4' title="bbox 213 387 2336 458; baseline 0.001 -22"><span class='ocrx_word' id='word_1_9' title='bbox 213 398 265 437; x_wconf 87' lang='lat'>52</span> <span class='ocrx_word' id='word_1_10' title='bbox 292 387 519 456; x_wconf 87' lang='lat' dir='ltr'>Spiritui</span> <span class='ocrx_word' id='word_1_11' title='bbox 559 394 747 440; x_wconf 89' lang='lat' dir='ltr'>sancto</span> <span class='ocrx_word' id='word_1_12' title='bbox 789 389 1066 451; x_wconf 78' lang='lat' dir='ltr'>resistitiS,</span> <span class='ocrx_word' id='word_1_13' title='bbox 1107 389 1252 440; x_wconf 90' lang='lat' dir='ltr'>sicut</span> <span class='ocrx_word' id='word_1_14' title='bbox 1289 396 1474 458; x_wconf 89' lang='lat' dir='ltr'>patres</span> <span class='ocrx_word' id='word_1_15' title='bbox 1517 390 1706 453; x_wconf 79' lang='lat' dir='ltr'>vestri,</span> <span class='ocrx_word' id='word_1_16' title='bbox 1748 390 1823 440; x_wconf 83' lang='lat' dir='ltr'>ita</span> <span class='ocrx_word' id='word_1_17' title='bbox 1862 405 1918 441; x_wconf 86' lang='lat' dir='ltr'>et</span> <span class='ocrx_word' id='word_1_18' title='bbox 1958 407 2071 441; x_wconf 77' lang='lat' dir='ltr'>VOS.</span> <span class='ocrx_word' id='word_1_19' title='bbox 2103 393 2137 430; x_wconf 87' lang='lat'><em>*</em></span> <span class='ocrx_word' id='word_1_20' title='bbox 2165 387 2336 454; x_wconf 80' lang='lat' dir='ltr'>Quem</span> 
     </span>
    </p>
   </div>
   <div class='ocr_carea' id='block_1_5' title="bbox 288 469 2428 622">
    <p class='ocr_par' dir='ltr' id='par_1_5' title="bbox 288 469 2428 622">
     <span class='ocr_line' id='line_1_5' title="bbox 289 469 2428 539; baseline 0.002 -20"><span class='ocrx_word' id='word_1_21' title='bbox 289 469 684 538; x_wconf 74' lang='lat' dir='ltr'>Prophetarum</span> <span class='ocrx_word' id='word_1_22' title='bbox 714 489 822 522; x_wconf 89' lang='lat' dir='ltr'>non</span> <span class='ocrx_word' id='word_1_23' title='bbox 853 476 981 522; x_wconf 89' lang='lat' dir='ltr'>sunt</span> <span class='ocrx_word' id='word_1_24' title='bbox 1011 471 1286 539; x_wconf 89' lang='lat' dir='ltr'>persecuti</span> <span class='ocrx_word' id='word_1_25' title='bbox 1314 477 1500 539; x_wconf 89' lang='lat' dir='ltr'>patres</span> <span class='ocrx_word' id='word_1_26' title='bbox 1528 472 1732 524; x_wconf 82' lang='lat' dir='ltr'>vestri?</span> <span class='ocrx_word' id='word_1_27' title='bbox 1766 471 1837 522; x_wconf 82' lang='lat' dir='ltr'>Et</span> <span class='ocrx_word' id='word_1_28' title='bbox 1865 471 2187 524; x_wconf 90' lang='lat' dir='ltr'>occiderunt</span> <span class='ocrx_word' id='word_1_29' title='bbox 2225 488 2337 533; x_wconf 73' lang='grc' dir='ltr'>θοε,</span> <span class='ocrx_word' id='word_1_30' title='bbox 2414 476 2428 482; x_wconf 76' lang='grc'><em>”</em></span> 
     </span>
     <span class='ocr_line' id='line_1_6' title="bbox 288 551 2417 622; baseline 0.001 -21"><span class='ocrx_word' id='word_1_31' title='bbox 288 551 381 619; x_wconf 90' lang='lat' dir='ltr'>qui</span> <span class='ocrx_word' id='word_1_32' title='bbox 408 553 863 619; x_wconf 77' lang='lat' dir='ltr'>praenunciabant</span> <span class='ocrx_word' id='word_1_33' title='bbox 903 553 971 604; x_wconf 90' lang='lat' dir='ltr'>de</span> <span class='ocrx_word' id='word_1_34' title='bbox 1011 553 1254 604; x_wconf 85' lang='lat' dir='ltr'>adventu</span> <span class='ocrx_word' id='word_1_35' title='bbox 1284 553 1455 615; x_wconf 77' lang='lat' dir='ltr'>Justi,</span> <span class='ocrx_word' id='word_1_36' title='bbox 1486 553 1641 622; x_wconf 88' lang='lat' dir='ltr'>cujus</span> <span class='ocrx_word' id='word_1_37' title='bbox 1683 572 1780 606; x_wconf 88' lang='lat' dir='ltr'>vos</span> <span class='ocrx_word' id='word_1_38' title='bbox 1821 572 1965 605; x_wconf 90' lang='lat' dir='ltr'>nunc</span> <span class='ocrx_word' id='word_1_39' title='bbox 2006 552 2337 622; x_wconf 77' lang='lat' dir='ltr'>proditores,</span> <span class='ocrx_word' id='word_1_40' title='bbox 2410 567 2417 597; x_wconf 79' lang='grc' dir='ltr'><em>ἰ</em></span> 
     </span>
    </p>
   </div>
   <div class='ocr_carea' id='block_1_6' title="bbox 210 635 2338 867">
    <p class='ocr_par' dir='ltr' id='par_1_6' title="bbox 210 635 2338 867">
     <span class='ocr_line' id='line_1_7' title="bbox 210 635 2338 708; baseline 0.002 -24"><span class='ocrx_word' id='word_1_41' title='bbox 210 643 262 684; x_wconf 86' lang='grc'>53</span> <span class='ocrx_word' id='word_1_42' title='bbox 286 640 350 686; x_wconf 91' lang='lat' dir='ltr'>et·</span> <span class='ocrx_word' id='word_1_43' title='bbox 369 635 658 689; x_wconf 73' lang='lat' dir='ltr'>homicidae</span> <span class='ocrx_word' id='word_1_44' title='bbox 685 636 868 689; x_wconf 88' lang='lat' dir='ltr'>fuistis</span> <span class='ocrx_word' id='word_1_45' title='bbox 900 658 909 689; x_wconf 90' lang='lat'><strong>:</strong></span> <span class='ocrx_word' id='word_1_46' title='bbox 945 642 977 679; x_wconf 84' lang='grc'>*</span> <span class='ocrx_word' id='word_1_47' title='bbox 1007 638 1099 706; x_wconf 89' lang='lat' dir='ltr'>qui</span> <span class='ocrx_word' id='word_1_48' title='bbox 1128 637 1421 707; x_wconf 81' lang='lat' dir='ltr'>accepistis</span> <span class='ocrx_word' id='word_1_49' title='bbox 1451 638 1631 708; x_wconf 86' lang='lat' dir='ltr'>legem</span> <span class='ocrx_word' id='word_1_50' title='bbox 1674 639 1729 690; x_wconf 90' lang='lat' dir='ltr'>in</span> <span class='ocrx_word' id='word_1_51' title='bbox 1774 637 2138 708; x_wconf 87' lang='lat' dir='ltr'>dispositione</span> <span class='ocrx_word' id='word_1_52' title='bbox 2165 655 2338 707; x_wconf 86' lang='lat' dir='ltr'>ange-</span> 
     </span>
     <span class='ocr_line' id='line_1_8' title="bbox 288 718 1078 783; baseline 0.005 -14"><span class='ocrx_word' id='word_1_53' title='bbox 288 718 482 783; x_wconf 83' lang='lat' dir='ltr'>lorum,</span> <span class='ocrx_word' id='word_1_54' title='bbox 513 725 568 770; x_wconf 92' lang='lat' dir='ltr'>et</span> <span class='ocrx_word' id='word_1_55' title='bbox 598 738 705 771; x_wconf 92' lang='lat' dir='ltr'>non</span> <span class='ocrx_word' id='word_1_56' title='bbox 736 720 1078 773; x_wconf 79' lang='lat' dir='ltr'>custodistis,</span> 
     </span>
     <span class='ocr_line' id='line_1_9' title="bbox 212 802 2336 867; baseline 0.001 -15"><span class='ocrx_word' id='word_1_57' title='bbox 212 807 266 847; x_wconf 82' lang='lat'>54</span> <span class='ocrx_word' id='word_1_58' title='bbox 362 806 394 841; x_wconf 70' lang='lat'>³¹&lt;</span> <span class='ocrx_word' id='word_1_59' title='bbox 428 802 728 854; x_wconf 88' lang='lat' dir='ltr'>Audientes</span> <span class='ocrx_word' id='word_1_60' title='bbox 769 809 950 854; x_wconf 88' lang='lat' dir='ltr'>autem</span> <span class='ocrx_word' id='word_1_61' title='bbox 992 803 1108 856; x_wconf 86' lang='lat' dir='ltr'>haec</span> <span class='ocrx_word' id='word_1_62' title='bbox 1149 803 1569 855; x_wconf 80' lang='lat' dir='ltr'>dissecabantur</span> <span class='ocrx_word' id='word_1_63' title='bbox 1597 803 1857 856; x_wconf 82' lang='lat' dir='ltr'>cordibus</span> <span class='ocrx_word' id='word_1_64' title='bbox 1887 804 2021 867; x_wconf 89' lang='lat' dir='ltr'>suis,</span> <span class='ocrx_word' id='word_1_65' title='bbox 2053 810 2108 855; x_wconf 91' lang='lat' dir='ltr'>et</span> <span class='ocrx_word' id='word_1_66' title='bbox 2137 802 2336 855; x_wconf 87' lang='lat' dir='ltr'>stride-</span> 
     </span>
    </p>
   </div>
   <div class='ocr_carea' id='block_1_7' title="bbox 282 1005 2336 1415">
    <p class='ocr_par' dir='ltr' id='par_1_7' title="bbox 283 1005 2336 1202">
     <span class='ocr_line' id='line_1_10' title="bbox 283 1005 2336 1066; baseline 0 -17"><span class='ocrx_word' id='word_1_67' title='bbox 283 1005 625 1061; x_wconf 85' lang='lat' dir='ltr'>abstrahendo)</span> <span class='ocrx_word' id='word_1_68' title='bbox 651 1017 832 1064; x_wconf 84' lang='lat' dir='ltr'>posset,</span> <span class='ocrx_word' id='word_1_69' title='bbox 866 1009 906 1051; x_wconf 91' lang='lat' dir='ltr'>si</span> <span class='ocrx_word' id='word_1_70' title='bbox 938 1008 1101 1059; x_wconf 86' lang='lat' dir='ltr'>vellet,</span> <span class='ocrx_word' id='word_1_71' title='bbox 1135 1007 1254 1051; x_wconf 87' lang='lat' dir='ltr'>bene</span> <span class='ocrx_word' id='word_1_72' title='bbox 1288 1022 1467 1065; x_wconf 88' lang='lat' dir='ltr'>agere;</span> <span class='ocrx_word' id='word_1_73' title='bbox 1503 1022 1647 1066; x_wconf 86' lang='lat' dir='ltr'>quam</span> <span class='ocrx_word' id='word_1_74' title='bbox 1684 1013 1847 1052; x_wconf 89' lang='lat' dir='ltr'>tamen</span> <span class='ocrx_word' id='word_1_75' title='bbox 1887 1006 2114 1051; x_wconf 86' lang='lat' dir='ltr'>destituit</span> <span class='ocrx_word' id='word_1_76' title='bbox 2145 1006 2336 1058; x_wconf 85' lang='lat' dir='ltr'>effectu,</span> 
     </span>
     <span class='ocr_line' id='line_1_11' title="bbox 284 1075 2334 1134; baseline 0.001 -16"><span class='ocrx_word' id='word_1_77' title='bbox 284 1080 503 1121; x_wconf 88' lang='lat' dir='ltr'>mutuam</span> <span class='ocrx_word' id='word_1_78' title='bbox 530 1092 725 1134; x_wconf 85' lang='lat' dir='ltr'>operam</span> <span class='ocrx_word' id='word_1_79' title='bbox 749 1079 790 1122; x_wconf 89' lang='lat' dir='ltr'>ei</span> <span class='ocrx_word' id='word_1_80' title='bbox 811 1092 907 1123; x_wconf 92' lang='lat' dir='ltr'>non</span> <span class='ocrx_word' id='word_1_81' title='bbox 930 1078 1101 1123; x_wconf 89' lang='lat' dir='ltr'>dando.</span> <span class='ocrx_word' id='word_1_82' title='bbox 1127 1077 1200 1122; x_wconf 83' lang='lat' dir='ltr'>Of.</span> <span class='ocrx_word' id='word_1_83' title='bbox 1229 1077 1371 1122; x_wconf 88' lang='lat' dir='ltr'>theol.</span> <span class='ocrx_word' id='word_1_84' title='bbox 1398 1077 1576 1134; x_wconf 78' lang='lat' dir='ltr'>dogm..</span> <span class='ocrx_word' id='word_1_85' title='bbox 1605 1079 1757 1122; x_wconf 76' lang='lat' dir='ltr'>Tract.</span> <span class='ocrx_word' id='word_1_86' title='bbox 1784 1077 1836 1122; x_wconf 82' lang='lat' dir='ltr'>de</span> <span class='ocrx_word' id='word_1_87' title='bbox 1862 1077 2062 1127; x_wconf 60' lang='lat' dir='ltr'>Gratim</span> <span class='ocrx_word' id='word_1_88' title='bbox 2083 1075 2145 1121; x_wconf 86' lang='lat' dir='ltr'>ad</span> <span class='ocrx_word' id='word_1_89' title='bbox 2162 1080 2334 1134; x_wconf 87' lang='lat' dir='ltr'>quaest.</span> 
     </span>
     <span class='ocr_line' id='line_1_12' title="bbox 284 1144 818 1202; baseline 0.007 -15"><span class='ocrx_word' id='word_1_90' title='bbox 284 1144 342 1188; x_wconf 85' lang='lat' dir='ltr'>de</span> <span class='ocrx_word' id='word_1_91' title='bbox 363 1148 521 1202; x_wconf 88' lang='lat' dir='ltr'>gratia</span> <span class='ocrx_word' id='word_1_92' title='bbox 546 1148 818 1192; x_wconf 88' lang='lat' dir='ltr'>sufficienti.</span> 
     </span>
    </p>

    <p class='ocr_par' dir='ltr' id='par_1_8' title="bbox 282 1215 2334 1415">
     <span class='ocr_line' id='line_1_13' title="bbox 345 1215 2334 1263; baseline -0.001 -3"><span class='ocrx_word' id='word_1_93' title='bbox 345 1215 559 1262; x_wconf 70' lang='lat' dir='ltr'>Smmmm</span> <span class='ocrx_word' id='word_1_94' title='bbox 584 1230 756 1262; x_wconf 79' lang='lat' dir='ltr'>sANc&#39;ro</span> <span class='ocrx_word' id='word_1_95' title='bbox 780 1232 889 1262; x_wconf 87' lang='lat' dir='ltr'>vere</span> <span class='ocrx_word' id='word_1_96' title='bbox 914 1218 1201 1263; x_wconf 84' lang='lat' dir='ltr'>restiterunt</span> <span class='ocrx_word' id='word_1_97' title='bbox 1227 1217 1385 1261; x_wconf 81' lang='lat' dir='ltr'>Judaei</span> <span class='ocrx_word' id='word_1_98' title='bbox 1407 1236 1415 1260; x_wconf 90' lang='lat'>:</span> <span class='ocrx_word' id='word_1_99' title='bbox 1443 1231 1554 1260; x_wconf 89' lang='lat' dir='ltr'>nam</span> <span class='ocrx_word' id='word_1_100' title='bbox 1577 1217 1763 1261; x_wconf 84' lang='lat' dir='ltr'>Christi</span> <span class='ocrx_word' id='word_1_101' title='bbox 1782 1230 2027 1261; x_wconf 85' lang='lat' dir='ltr'>sermones</span> <span class='ocrx_word' id='word_1_102' title='bbox 2053 1220 2103 1259; x_wconf 89' lang='lat' dir='ltr'>et</span> <span class='ocrx_word' id='word_1_103' title='bbox 2135 1215 2334 1259; x_wconf 86' lang='lat' dir='ltr'>miracu·</span> 
     </span>
     <span class='ocr_line' id='line_1_14' title="bbox 282 1285 2333 1344; baseline 0 -15"><span class='ocrx_word' id='word_1_104' title='bbox 282 1286 342 1337; x_wconf 83' lang='lat' dir='ltr'>la,</span> <span class='ocrx_word' id='word_1_105' title='bbox 367 1301 472 1343; x_wconf 87' lang='lat' dir='ltr'>quae</span> <span class='ocrx_word' id='word_1_106' title='bbox 495 1288 596 1331; x_wconf 88' lang='lat' dir='ltr'>sine</span> <span class='ocrx_word' id='word_1_107' title='bbox 621 1289 795 1332; x_wconf 83' lang='lat' dir='ltr'>auxilio</span> <span class='ocrx_word' id='word_1_108' title='bbox 821 1287 1034 1344; x_wconf 82' lang='lat' dir='ltr'>Spiritus</span> <span class='ocrx_word' id='word_1_109' title='bbox 1055 1288 1207 1332; x_wconf 89' lang='lat' dir='ltr'>sancti</span> <span class='ocrx_word' id='word_1_110' title='bbox 1225 1303 1318 1331; x_wconf 90' lang='lat' dir='ltr'>non</span> <span class='ocrx_word' id='word_1_111' title='bbox 1339 1288 1516 1332; x_wconf 89' lang='lat' dir='ltr'>fiebant</span> <span class='ocrx_word' id='word_1_112' title='bbox 1541 1288 1771 1339; x_wconf 83' lang='lat' dir='ltr'>exterius,</span> <span class='ocrx_word' id='word_1_113' title='bbox 1797 1302 1905 1331; x_wconf 90' lang='lat' dir='ltr'>cum</span> <span class='ocrx_word' id='word_1_114' title='bbox 1930 1285 2145 1342; x_wconf 81' lang='lat' dir='ltr'>ejusdem</span> <span class='ocrx_word' id='word_1_115' title='bbox 2181 1285 2333 1342; x_wconf 89' lang='lat' dir='ltr'>Spiri-</span> 
     </span>
     <span class='ocr_line' id='line_1_15' title="bbox 282 1355 2332 1415; baseline 0 -16"><span class='ocrx_word' id='word_1_116' title='bbox 282 1359 362 1400; x_wconf 87' lang='lat' dir='ltr'>tus</span> <span class='ocrx_word' id='word_1_117' title='bbox 387 1358 542 1401; x_wconf 84' lang='lat' dir='ltr'>sancti</span> <span class='ocrx_word' id='word_1_118' title='bbox 565 1358 720 1414; x_wconf 86' lang='lat' dir='ltr'>gratia</span> <span class='ocrx_word' id='word_1_119' title='bbox 745 1358 890 1402; x_wconf 88' lang='lat' dir='ltr'>etiam</span> <span class='ocrx_word' id='word_1_120' title='bbox 918 1359 1051 1401; x_wconf 90' lang='lat' dir='ltr'>intus</span> <span class='ocrx_word' id='word_1_121' title='bbox 1074 1357 1329 1415; x_wconf 84' lang='lat' dir='ltr'>conjuncta</span> <span class='ocrx_word' id='word_1_122' title='bbox 1355 1364 1507 1402; x_wconf 87' lang='lat' dir='ltr'>erant.</span> <span class='ocrx_word' id='word_1_123' title='bbox 1537 1358 1670 1401; x_wconf 90' lang='lat' dir='ltr'>Idem</span> <span class='ocrx_word' id='word_1_124' title='bbox 1693 1357 1952 1401; x_wconf 88' lang='lat' dir='ltr'>dicendum</span> <span class='ocrx_word' id='word_1_125' title='bbox 1987 1357 2046 1400; x_wconf 91' lang='lat' dir='ltr'>de</span> <span class='ocrx_word' id='word_1_126' title='bbox 2080 1355 2332 1413; x_wconf 87' lang='lat' dir='ltr'>Apostolo-</span> 
     </span>
    </p>
   </div>
   <div class='ocr_carea' id='block_1_8' title="bbox 282 1426 2406 1485">
    <p class='ocr_par' dir='ltr' id='par_1_9' title="bbox 282 1426 2406 1485">
     <span class='ocr_line' id='line_1_16' title="bbox 282 1426 2406 1485; baseline -0 -15"><span class='ocrx_word' id='word_1_127' title='bbox 282 1441 393 1470; x_wconf 91' lang='lat' dir='ltr'>rum</span> <span class='ocrx_word' id='word_1_128' title='bbox 432 1428 732 1485; x_wconf 90' lang='lat' dir='ltr'>aliorumque</span> <span class='ocrx_word' id='word_1_129' title='bbox 769 1429 1138 1485; x_wconf 70' lang='lat' dir='ltr'>praedicatorum</span> <span class='ocrx_word' id='word_1_130' title='bbox 1178 1428 1465 1481; x_wconf 89' lang='lat' dir='ltr'>ministerio,</span> <span class='ocrx_word' id='word_1_131' title='bbox 1503 1429 1632 1485; x_wconf 87' lang='lat' dir='ltr'>quod</span> <span class='ocrx_word' id='word_1_132' title='bbox 1676 1430 1758 1485; x_wconf 84' lang='lat' dir='ltr'>qui</span> <span class='ocrx_word' id='word_1_133' title='bbox 1795 1427 2091 1485; x_wconf 84' lang='lat' dir='ltr'>spernebant</span> <span class='ocrx_word' id='word_1_134' title='bbox 2126 1426 2333 1483; x_wconf 83' lang='lat' dir='ltr'>Spiritui</span> <span class='ocrx_word' id='word_1_135' title='bbox 2404 1478 2406 1482; x_wconf 20' lang='lat' dir='ltr'>v</span> 
     </span>
    </p>
   </div>
   <div class='ocr_carea' id='block_1_9' title="bbox 279 1498 2334 2402">
    <p class='ocr_par' dir='ltr' id='par_1_10' title="bbox 284 1498 790 1541">
     <span class='ocr_line' id='line_1_17' title="bbox 284 1498 790 1541; baseline 0 -1"><span class='ocrx_word' id='word_1_136' title='bbox 284 1502 450 1541; x_wconf 88' lang='lat' dir='ltr'>sancto</span> <span class='ocrx_word' id='word_1_137' title='bbox 485 1498 790 1541; x_wconf 85' lang='lat' dir='ltr'>resistebant.</span> 
     </span>
    </p>

    <p class='ocr_par' dir='ltr' id='par_1_11' title="bbox 279 1565 2330 2049">
     <span class='ocr_line' id='line_1_18' title="bbox 345 1565 2329 1626; baseline -0.001 -16"><span class='ocrx_word' id='word_1_138' title='bbox 345 1566 413 1610; x_wconf 81' lang='grc'>52.</span> <span class='ocrx_word' id='word_1_139' title='bbox 447 1567 607 1611; x_wconf 83' lang='lat' dir='ltr'>Factis</span> <span class='ocrx_word' id='word_1_140' title='bbox 624 1567 725 1623; x_wconf 88' lang='lat' dir='ltr'>jam</span> <span class='ocrx_word' id='word_1_141' title='bbox 750 1568 1003 1612; x_wconf 88' lang='lat' dir='ltr'>confirmat</span> <span class='ocrx_word' id='word_1_142' title='bbox 1026 1568 1152 1626; x_wconf 86' lang='lat' dir='ltr'>quod</span> <span class='ocrx_word' id='word_1_143' title='bbox 1177 1568 1316 1613; x_wconf 85' lang='lat' dir='ltr'>modo</span> <span class='ocrx_word' id='word_1_144' title='bbox 1336 1568 1458 1613; x_wconf 88' lang='lat' dir='ltr'>dixit</span> <span class='ocrx_word' id='word_1_145' title='bbox 1480 1568 1538 1612; x_wconf 92' lang='lat' dir='ltr'>de</span> <span class='ocrx_word' id='word_1_146' title='bbox 1565 1582 1730 1612; x_wconf 90' lang='lat' dir='ltr'>eorum</span> <span class='ocrx_word' id='word_1_147' title='bbox 1755 1567 2034 1624; x_wconf 89' lang='lat' dir='ltr'>majoribus.</span> <span class='ocrx_word' id='word_1_148' title='bbox 2055 1566 2127 1611; x_wconf 82' lang='lat' dir='ltr'>Of.</span> <span class='ocrx_word' id='word_1_149' title='bbox 2155 1565 2329 1610; x_wconf 89' lang='lat' dir='ltr'>Matth.</span> 
     </span>
     <span class='ocr_line' id='line_1_19' title="bbox 282 1637 2330 1696; baseline -0.001 -16"><span class='ocrx_word' id='word_1_150' title='bbox 282 1637 421 1690; x_wconf 88' lang='lat' dir='ltr'>XXI,</span> <span class='ocrx_word' id='word_1_151' title='bbox 449 1639 505 1681; x_wconf 83' lang='lat'>33</span> <span class='ocrx_word' id='word_1_152' title='bbox 530 1653 632 1695; x_wconf 87' lang='lat' dir='ltr'>sqq.</span> <span class='ocrx_word' id='word_1_153' title='bbox 654 1656 664 1690; x_wconf 88' lang='lat'>;</span> <span class='ocrx_word' id='word_1_154' title='bbox 690 1639 887 1690; x_wconf 86' lang='lat' dir='ltr'>XXIII,</span> <span class='ocrx_word' id='word_1_155' title='bbox 913 1639 965 1682; x_wconf 83' lang='lat'>31</span> <span class='ocrx_word' id='word_1_156' title='bbox 992 1654 1120 1696; x_wconf 87' lang='lat' dir='ltr'>sqq.;</span> <span class='ocrx_word' id='word_1_157' title='bbox 1159 1641 1178 1682; x_wconf 87' lang='lat'>1</span> <span class='ocrx_word' id='word_1_158' title='bbox 1214 1639 1382 1683; x_wconf 87' lang='lat' dir='ltr'>Thess.</span> <span class='ocrx_word' id='word_1_159' title='bbox 1419 1640 1487 1692; x_wconf 92' lang='lat' dir='ltr'>II,</span> <span class='ocrx_word' id='word_1_160' title='bbox 1523 1641 1592 1682; x_wconf 81' lang='lat'>15.</span> <span class='ocrx_word' id='word_1_161' title='bbox 1628 1664 1682 1669; x_wconf 93' lang='lat'>—</span> <span class='ocrx_word' id='word_1_162' title='bbox 1707 1638 1802 1694; x_wconf 74' lang='lat' dir='ltr'>Qui</span> <span class='ocrx_word' id='word_1_163' title='bbox 1835 1649 2238 1682; x_wconf 75' lang='lat' dir='ltr'>PRAENUNTIABANT</span> <span class='ocrx_word' id='word_1_164' title='bbox 2269 1648 2330 1678; x_wconf 70' lang='lat' dir='ltr'>Du</span> 
     </span>
     <span class='ocr_line' id='line_1_20' title="bbox 280 1705 2329 1765; baseline -0.001 -15"><span class='ocrx_word' id='word_1_165' title='bbox 280 1720 499 1750; x_wconf 77' lang='lat' dir='ltr'>ADVENTU</span> <span class='ocrx_word' id='word_1_166' title='bbox 522 1707 552 1750; x_wconf 83' lang='lat' dir='ltr'><strong>J</strong></span> <span class='ocrx_word' id='word_1_167' title='bbox 558 1721 672 1759; x_wconf 70' lang='lat' dir='ltr'>usn,</span> <span class='ocrx_word' id='word_1_168' title='bbox 698 1710 727 1750; x_wconf 88' lang='lat' dir='ltr'>i.</span> <span class='ocrx_word' id='word_1_169' title='bbox 746 1723 784 1752; x_wconf 87' lang='lat' dir='ltr'>e.</span> <span class='ocrx_word' id='word_1_170' title='bbox 822 1708 1011 1753; x_wconf 73' lang='lat' dir='ltr'>Messiae,</span> <span class='ocrx_word' id='word_1_171' title='bbox 1035 1710 1180 1761; x_wconf 71' lang='lat' dir='ltr'>(Justi</span> <span class='ocrx_word' id='word_1_172' title='bbox 1197 1708 1466 1763; x_wconf 76' lang='grc' dir='ltr'><em>κατέξοχην).</em></span> <span class='ocrx_word' id='word_1_173' title='bbox 1487 1708 1838 1752; x_wconf 84' lang='lat' dir='ltr'>Animadverte</span> <span class='ocrx_word' id='word_1_174' title='bbox 1862 1707 2121 1765; x_wconf 86' lang='lat' dir='ltr'>prophetas</span> <span class='ocrx_word' id='word_1_175' title='bbox 2153 1705 2329 1750; x_wconf 90' lang='lat' dir='ltr'>veteris</span> 
     </span>
     <span class='ocr_line' id='line_1_21' title="bbox 280 1778 2330 1840; baseline -0 -17"><span class='ocrx_word' id='word_1_176' title='bbox 280 1779 577 1824; x_wconf 84' lang='lat' dir='ltr'>Testamenti</span> <span class='ocrx_word' id='word_1_177' title='bbox 596 1795 689 1824; x_wconf 91' lang='lat' dir='ltr'>non</span> <span class='ocrx_word' id='word_1_178' title='bbox 710 1781 814 1825; x_wconf 91' lang='lat' dir='ltr'>ideo</span> <span class='ocrx_word' id='word_1_179' title='bbox 835 1782 982 1825; x_wconf 87' lang='lat' dir='ltr'>fuisse</span> <span class='ocrx_word' id='word_1_180' title='bbox 1003 1783 1126 1826; x_wconf 88' lang='lat' dir='ltr'>male</span> <span class='ocrx_word' id='word_1_181' title='bbox 1146 1783 1335 1826; x_wconf 87' lang='lat' dir='ltr'>habitos</span> <span class='ocrx_word' id='word_1_182' title='bbox 1355 1782 1484 1840; x_wconf 89' lang='lat' dir='ltr'>quod</span> <span class='ocrx_word' id='word_1_183' title='bbox 1503 1782 1696 1826; x_wconf 84' lang='lat' dir='ltr'>Messiae</span> <span class='ocrx_word' id='word_1_184' title='bbox 1714 1781 1973 1826; x_wconf 85' lang='lat' dir='ltr'>adventum</span> <span class='ocrx_word' id='word_1_185' title='bbox 1995 1778 2330 1836; x_wconf 62' lang='lat' dir='ltr'>praedicerent,</span> 
     </span>
     <span class='ocr_line' id='line_1_22' title="bbox 281 1850 2329 1910; baseline -0.001 -16"><span class='ocrx_word' id='word_1_186' title='bbox 281 1850 365 1895; x_wconf 89' lang='lat' dir='ltr'>sed</span> <span class='ocrx_word' id='word_1_187' title='bbox 386 1851 514 1908; x_wconf 91' lang='lat' dir='ltr'>quod</span> <span class='ocrx_word' id='word_1_188' title='bbox 547 1851 749 1894; x_wconf 89' lang='lat' dir='ltr'>crimina</span> <span class='ocrx_word' id='word_1_189' title='bbox 782 1852 1065 1896; x_wconf 83' lang='lat' dir='ltr'>Judaeorum</span> <span class='ocrx_word' id='word_1_190' title='bbox 1099 1854 1402 1910; x_wconf 86' lang='lat' dir='ltr'>corriperent</span> <span class='ocrx_word' id='word_1_191' title='bbox 1427 1872 1439 1896; x_wconf 92' lang='lat'><em>:</em></span> <span class='ocrx_word' id='word_1_192' title='bbox 1477 1867 1641 1896; x_wconf 87' lang='lat' dir='ltr'>eorum</span> <span class='ocrx_word' id='word_1_193' title='bbox 1675 1852 1804 1896; x_wconf 89' lang='lat' dir='ltr'>enim</span> <span class='ocrx_word' id='word_1_194' title='bbox 1838 1851 2047 1896; x_wconf 86' lang='lat' dir='ltr'>officium</span> <span class='ocrx_word' id='word_1_195' title='bbox 2081 1853 2200 1901; x_wconf 83' lang='lat' dir='ltr'>erat,</span> <span class='ocrx_word' id='word_1_196' title='bbox 2233 1863 2329 1893; x_wconf 89' lang='lat' dir='ltr'>non</span> 
     </span>
     <span class='ocr_line' id='line_1_23' title="bbox 280 1918 2330 1980; baseline -0.001 -15"><span class='ocrx_word' id='word_1_197' title='bbox 280 1922 436 1965; x_wconf 90' lang='lat' dir='ltr'>solum</span> <span class='ocrx_word' id='word_1_198' title='bbox 459 1936 535 1964; x_wconf 87' lang='lat' dir='ltr'>res</span> <span class='ocrx_word' id='word_1_199' title='bbox 561 1921 751 1966; x_wconf 85' lang='lat' dir='ltr'>futuras</span> <span class='ocrx_word' id='word_1_200' title='bbox 775 1924 1013 1975; x_wconf 88' lang='lat' dir='ltr'>nuntiare,</span> <span class='ocrx_word' id='word_1_201' title='bbox 1041 1923 1123 1967; x_wconf 90' lang='lat' dir='ltr'>sed</span> <span class='ocrx_word' id='word_1_202' title='bbox 1147 1923 1290 1967; x_wconf 86' lang='lat' dir='ltr'>etiam</span> <span class='ocrx_word' id='word_1_203' title='bbox 1318 1923 1550 1980; x_wconf 89' lang='lat' dir='ltr'>populum</span> <span class='ocrx_word' id='word_1_204' title='bbox 1577 1923 1745 1975; x_wconf 78' lang='lat' dir='ltr'>docere,</span> <span class='ocrx_word' id='word_1_205' title='bbox 1770 1936 1965 1973; x_wconf 80' lang='lat' dir='ltr'>monere,</span> <span class='ocrx_word' id='word_1_206' title='bbox 2003 1918 2250 1964; x_wconf 72' lang='lat' dir='ltr'>adhortari</span> <span class='ocrx_word' id='word_1_207' title='bbox 2281 1922 2330 1962; x_wconf 87' lang='lat' dir='ltr'>et</span> 
     </span>
     <span class='ocr_line' id='line_1_24' title="bbox 279 1991 623 2049; baseline -0.006 -13"><span class='ocrx_word' id='word_1_208' title='bbox 279 1991 623 2049; x_wconf 70' lang='lat' dir='ltr'>reprehendere.</span> 
     </span>
    </p>

    <p class='ocr_par' dir='ltr' id='par_1_12' title="bbox 280 2059 2331 2261">
     <span class='ocr_line' id='line_1_25' title="bbox 342 2059 2331 2120; baseline 0.001 -18"><span class='ocrx_word' id='word_1_209' title='bbox 342 2061 410 2102; x_wconf 83' lang='lat'>53.</span> <span class='ocrx_word' id='word_1_210' title='bbox 445 2060 626 2104; x_wconf 83' lang='lat' dir='ltr'>Sensus</span> <span class='ocrx_word' id='word_1_211' title='bbox 659 2066 732 2104; x_wconf 90' lang='lat' dir='ltr'>est</span> <span class='ocrx_word' id='word_1_212' title='bbox 755 2082 767 2106; x_wconf 90' lang='grc'>.·</span> <span class='ocrx_word' id='word_1_213' title='bbox 804 2062 1042 2106; x_wconf 67' lang='grc' dir='ltr'>Ῑιοιηὶοίοῖερ</span> <span class='ocrx_word' id='word_1_214' title='bbox 1088 2062 1275 2106; x_wconf 84' lang='lat' dir='ltr'>Christi</span> <span class='ocrx_word' id='word_1_215' title='bbox 1315 2063 1492 2116; x_wconf 64' lang='lat' dir='ltr'>fuistis,</span> <span class='ocrx_word' id='word_1_216' title='bbox 1540 2063 1742 2120; x_wconf 87' lang='lat' dir='ltr'>ideoque</span> <span class='ocrx_word' id='word_1_217' title='bbox 1784 2062 1921 2119; x_wconf 75' lang='lat' dir='ltr'>leqem</span> <span class='ocrx_word' id='word_1_218' title='bbox 1955 2059 2188 2116; x_wconf 86' lang='lat' dir='ltr'>decalogi,</span> <span class='ocrx_word' id='word_1_219' title='bbox 2220 2073 2331 2116; x_wconf 83' lang='lat' dir='ltr'>quae</span> 
     </span>
     <span class='ocr_line' id='line_1_26' title="bbox 280 2129 2329 2192; baseline 0 -20"><span class='ocrx_word' id='word_1_220' title='bbox 280 2129 525 2174; x_wconf 89' lang='lat' dir='ltr'>hominem</span> <span class='ocrx_word' id='word_1_221' title='bbox 551 2130 764 2175; x_wconf 85' lang='lat' dir='ltr'>occidere</span> <span class='ocrx_word' id='word_1_222' title='bbox 788 2138 932 2184; x_wconf 87' lang='lat' dir='ltr'>vetat,</span> <span class='ocrx_word' id='word_1_223' title='bbox 956 2148 1050 2177; x_wconf 76' lang='lat' dir='ltr'>non</span> <span class='ocrx_word' id='word_1_224' title='bbox 1073 2134 1365 2185; x_wconf 72' lang='lat' dir='ltr'>custodisti33</span> <span class='ocrx_word' id='word_1_225' title='bbox 1395 2148 1544 2192; x_wconf 89' lang='lat' dir='ltr'>quum</span> <span class='ocrx_word' id='word_1_226' title='bbox 1574 2143 1734 2178; x_wconf 87' lang='lat' dir='ltr'>tamen</span> <span class='ocrx_word' id='word_1_227' title='bbox 1759 2134 1832 2176; x_wconf 84' lang='lat' dir='ltr'>lex</span> <span class='ocrx_word' id='word_1_228' title='bbox 1857 2133 1938 2175; x_wconf 89' lang='lat' dir='ltr'>illa</span> <span class='ocrx_word' id='word_1_229' title='bbox 1971 2144 2157 2175; x_wconf 89' lang='lat' dir='ltr'>summa</span> <span class='ocrx_word' id='word_1_230' title='bbox 2192 2143 2329 2174; x_wconf 84' lang='lat' dir='ltr'>vene-</span> 
     </span>
     <span class='ocr_line' id='line_1_27' title="bbox 281 2200 2176 2261; baseline 0 -19"><span class='ocrx_word' id='word_1_231' title='bbox 281 2200 464 2243; x_wconf 86' lang='lat' dir='ltr'>ratione</span> <span class='ocrx_word' id='word_1_232' title='bbox 487 2200 633 2256; x_wconf 80' lang='lat' dir='ltr'>digna</span> <span class='ocrx_word' id='word_1_233' title='bbox 658 2202 734 2251; x_wconf 88' lang='lat' dir='ltr'>sit,</span> <span class='ocrx_word' id='word_1_234' title='bbox 755 2209 925 2257; x_wconf 87' lang='lat' dir='ltr'>utpote</span> <span class='ocrx_word' id='word_1_235' title='bbox 944 2218 1028 2260; x_wconf 78' lang='lat' dir='ltr'>per</span> <span class='ocrx_word' id='word_1_236' title='bbox 1047 2204 1248 2261; x_wconf 60' lang='lat' dir='ltr'>emmelos,</span> <span class='ocrx_word' id='word_1_237' title='bbox 1271 2204 1346 2248; x_wconf 83' lang='lat' dir='ltr'>vel</span> <span class='ocrx_word' id='word_1_238' title='bbox 1373 2205 1546 2248; x_wconf 89' lang='lat' dir='ltr'>saltem</span> <span class='ocrx_word' id='word_1_239' title='bbox 1572 2218 1724 2248; x_wconf 82' lang='lat' dir='ltr'>coram.</span> <span class='ocrx_word' id='word_1_240' title='bbox 1750 2203 1943 2258; x_wconf 70' lang='lat' dir='ltr'>anqelis,</span> <span class='ocrx_word' id='word_1_241' title='bbox 1968 2210 2176 2257; x_wconf 85' lang='lat' dir='ltr'>accepta.</span> 
     </span>
    </p>

    <p class='ocr_par' dir='ltr' id='par_1_13' title="bbox 281 2268 2334 2402">
     <span class='ocr_line' id='line_1_28' title="bbox 341 2268 2332 2327; baseline 0 -16"><span class='ocrx_word' id='word_1_242' title='bbox 341 2268 398 2311; x_wconf 79' lang='lat' dir='ltr'>IN</span> <span class='ocrx_word' id='word_1_243' title='bbox 419 2281 729 2312; x_wconf 72' lang='lat' dir='ltr'>msPOSITIONE</span> <span class='ocrx_word' id='word_1_244' title='bbox 751 2284 1050 2323; x_wconf 78' lang='lat' dir='ltr'>ANGELORUM,</span> <span class='ocrx_word' id='word_1_245' title='bbox 1075 2291 1126 2317; x_wconf 83' lang='grc' dir='ltr'>εις</span> <span class='ocrx_word' id='word_1_246' title='bbox 1154 2279 1349 2327; x_wconf 73' lang='grc' dir='ltr'>διαταγας</span> <span class='ocrx_word' id='word_1_247' title='bbox 1382 2280 1599 2327; x_wconf 70' lang='grc' dir='ltr'>αγγελωνι</span> <span class='ocrx_word' id='word_1_248' title='bbox 1634 2273 1781 2317; x_wconf 86' lang='lat' dir='ltr'>verba</span> <span class='ocrx_word' id='word_1_249' title='bbox 1802 2272 2006 2316; x_wconf 87' lang='lat' dir='ltr'>obscura</span> <span class='ocrx_word' id='word_1_250' title='bbox 2029 2275 2160 2313; x_wconf 88' lang='lat' dir='ltr'>sunt.</span> <span class='ocrx_word' id='word_1_251' title='bbox 2185 2268 2332 2312; x_wconf 89' lang='lat' dir='ltr'>Multi</span> 
     </span>
     <span class='ocr_line' id='line_1_29' title="bbox 281 2340 2334 2402; baseline -0.001 -18"><span class='ocrx_word' id='word_1_252' title='bbox 281 2340 518 2396; x_wconf 86' lang='lat' dir='ltr'>explicant</span> <span class='ocrx_word' id='word_1_253' title='bbox 538 2360 545 2384; x_wconf 93' lang='lat'>:</span> <span class='ocrx_word' id='word_1_254' title='bbox 569 2356 650 2398; x_wconf 78' lang='lat' dir='ltr'>per</span> <span class='ocrx_word' id='word_1_255' title='bbox 671 2343 990 2387; x_wconf 74' lang='lat' dir='ltr'>ministerium</span> <span class='ocrx_word' id='word_1_256' title='bbox 1010 2345 1279 2402; x_wconf 71' lang='lat' dir='ltr'>anyelorum</span> <span class='ocrx_word' id='word_1_257' title='bbox 1299 2363 1309 2398; x_wconf 80' lang='lat'>3</span> <span class='ocrx_word' id='word_1_258' title='bbox 1337 2345 1455 2388; x_wconf 90' lang='lat' dir='ltr'>adeo</span> <span class='ocrx_word' id='word_1_259' title='bbox 1477 2352 1534 2389; x_wconf 89' lang='lat' dir='ltr'>ut</span> <span class='ocrx_word' id='word_1_260' title='bbox 1557 2359 1728 2388; x_wconf 87' lang='lat' dir='ltr'>sensus</span> <span class='ocrx_word' id='word_1_261' title='bbox 1756 2343 1837 2394; x_wconf 87' lang='lat' dir='ltr'>sit,</span> <span class='ocrx_word' id='word_1_262' title='bbox 1862 2344 2016 2399; x_wconf 89' lang='lat' dir='ltr'>legem</span> <span class='ocrx_word' id='word_1_263' title='bbox 2044 2340 2227 2397; x_wconf 87' lang='lat' dir='ltr'>Moysis</span> <span class='ocrx_word' id='word_1_264' title='bbox 2250 2354 2334 2397; x_wconf 79' lang='lat' dir='ltr'>per</span> 
     </span>
    </p>
   </div>
   <div class='ocr_carea' id='block_1_10' title="bbox 279 2409 2430 2827">
    <p class='ocr_par' dir='ltr' id='par_1_14' title="bbox 279 2409 2430 2827">
     <span class='ocr_line' id='line_1_30' title="bbox 280 2409 2430 2472; baseline -0.001 -20"><span class='ocrx_word' id='word_1_265' title='bbox 280 2410 466 2466; x_wconf 72' lang='lat' dir='ltr'>anqelos</span> <span class='ocrx_word' id='word_1_266' title='bbox 496 2410 640 2463; x_wconf 76' lang='lat' dir='ltr'>fuisse</span> <span class='ocrx_word' id='word_1_267' title='bbox 684 2413 1035 2468; x_wconf 72' lang='lat' dir='ltr'>promulqatam</span> <span class='ocrx_word' id='word_1_268' title='bbox 1069 2433 1081 2457; x_wconf 90' lang='lat'><em>:</em></span> <span class='ocrx_word' id='word_1_269' title='bbox 1123 2414 1253 2472; x_wconf 81' lang='lat' dir='ltr'>quod</span> <span class='ocrx_word' id='word_1_270' title='bbox 1293 2413 1553 2458; x_wconf 86' lang='lat' dir='ltr'>concordat</span> <span class='ocrx_word' id='word_1_271' title='bbox 1593 2428 1700 2458; x_wconf 85' lang='lat' dir='ltr'>cum</span> <span class='ocrx_word' id='word_1_272' title='bbox 1742 2412 1985 2456; x_wconf 88' lang='lat' dir='ltr'>sententia</span> <span class='ocrx_word' id='word_1_273' title='bbox 2030 2423 2214 2460; x_wconf 91' lang='lat' dir='ltr'>eorum,</span> <span class='ocrx_word' id='word_1_274' title='bbox 2249 2409 2332 2466; x_wconf 88' lang='lat' dir='ltr'>qui</span> <span class='ocrx_word' id='word_1_275' title='bbox 2412 2438 2430 2472; x_wconf 43' lang='grc' dir='ltr'>ἓ</span> 
     </span>
     <span class='ocr_line' id='line_1_31' title="bbox 281 2473 2430 2541; baseline 0 -19"><span class='ocrx_word' id='word_1_276' title='bbox 281 2478 464 2530; x_wconf 89' lang='lat' dir='ltr'>dicunt,</span> <span class='ocrx_word' id='word_1_277' title='bbox 508 2495 603 2523; x_wconf 90' lang='lat' dir='ltr'>non</span> <span class='ocrx_word' id='word_1_278' title='bbox 650 2482 808 2537; x_wconf 86' lang='lat' dir='ltr'>ipsum</span> <span class='ocrx_word' id='word_1_279' title='bbox 855 2483 1023 2533; x_wconf 89' lang='lat' dir='ltr'>Deum,</span> <span class='ocrx_word' id='word_1_280' title='bbox 1071 2484 1155 2527; x_wconf 88' lang='lat' dir='ltr'>sed</span> <span class='ocrx_word' id='word_1_281' title='bbox 1201 2483 1388 2541; x_wconf 72' lang='lat' dir='ltr'>anqelos</span> <span class='ocrx_word' id='word_1_282' title='bbox 1434 2488 1641 2534; x_wconf 84' lang='lat' dir='ltr'>tantum,</span> <span class='ocrx_word' id='word_1_283' title='bbox 1688 2481 1777 2526; x_wconf 92' lang='lat' dir='ltr'>sub</span> <span class='ocrx_word' id='word_1_284' title='bbox 1822 2488 1985 2525; x_wconf 87' lang='lat' dir='ltr'>vetere</span> <span class='ocrx_word' id='word_1_285' title='bbox 2024 2480 2372 2523; x_wconf 71' lang='lat' dir='ltr'>Testamento&#39;</span> <span class='ocrx_word' id='word_1_286' title='bbox 2416 2473 2430 2502; x_wconf 65' lang='lat'>⁴³</span> 
     </span>
     <span class='ocr_line' id='line_1_32' title="bbox 279 2545 2419 2609; baseline 0 -18"><span class='ocrx_word' id='word_1_287' title='bbox 279 2548 580 2604; x_wconf 87' lang='lat' dir='ltr'>aspiciendos</span> <span class='ocrx_word' id='word_1_288' title='bbox 626 2566 675 2595; x_wconf 92' lang='lat' dir='ltr'>se</span> <span class='ocrx_word' id='word_1_289' title='bbox 708 2551 913 2594; x_wconf 88' lang='lat' dir='ltr'>dedisse.</span> <span class='ocrx_word' id='word_1_290' title='bbox 954 2552 1048 2595; x_wconf 84' lang='lat' dir='ltr'>Sed</span> <span class='ocrx_word' id='word_1_291' title='bbox 1084 2567 1232 2609; x_wconf 77' lang='lat' dir='ltr'>praep.</span> <span class='ocrx_word' id='word_1_292' title='bbox 1269 2571 1321 2596; x_wconf 85' lang='grc' dir='ltr'>εις</span> <span class='ocrx_word' id='word_1_293' title='bbox 1353 2568 1461 2596; x_wconf 91' lang='lat' dir='ltr'>cum</span> <span class='ocrx_word' id='word_1_294' title='bbox 1496 2566 1589 2596; x_wconf 89' lang='lat' dir='ltr'>acc.</span> <span class='ocrx_word' id='word_1_295' title='bbox 1624 2565 1891 2609; x_wconf 88' lang='lat' dir='ltr'>numquam</span> <span class='ocrx_word' id='word_1_296' title='bbox 1925 2550 2050 2607; x_wconf 89' lang='lat' dir='ltr'>sign.</span> <span class='ocrx_word' id='word_1_297' title='bbox 2084 2563 2178 2606; x_wconf 80' lang='lat' dir='ltr'>per.</span> <span class='ocrx_word' id='word_1_298' title='bbox 2216 2547 2334 2592; x_wconf 86' lang='lat' dir='ltr'>Ideo</span> <span class='ocrx_word' id='word_1_299' title='bbox 2411 2545 2419 2551; x_wconf 67' lang='grc'><strong><em>’</em></strong></span> 
     </span>
     <span class='ocr_line' id='line_1_33' title="bbox 279 2617 2418 2678; baseline 0 -17"><span class='ocrx_word' id='word_1_300' title='bbox 279 2617 474 2674; x_wconf 89' lang='lat' dir='ltr'>quidam</span> <span class='ocrx_word' id='word_1_301' title='bbox 497 2625 715 2664; x_wconf 89' lang='lat' dir='ltr'>auctores</span> <span class='ocrx_word' id='word_1_302' title='bbox 741 2621 868 2665; x_wconf 90' lang='lat' dir='ltr'>hunc</span> <span class='ocrx_word' id='word_1_303' title='bbox 883 2636 1079 2666; x_wconf 88' lang='lat' dir='ltr'>sensum</span> <span class='ocrx_word' id='word_1_304' title='bbox 1108 2629 1320 2677; x_wconf 89' lang='lat' dir='ltr'>ponunt:</span> <span class='ocrx_word' id='word_1_305' title='bbox 1345 2637 1499 2667; x_wconf 79' lang='lat' dir='ltr'>coram</span> <span class='ocrx_word' id='word_1_306' title='bbox 1517 2621 1788 2678; x_wconf 68' lang='lat' dir='ltr'>ayminibus</span> <span class='ocrx_word' id='word_1_307' title='bbox 1821 2620 2107 2677; x_wconf 75' lang='lat' dir='ltr'>anqelorwm.</span> <span class='ocrx_word' id='word_1_308' title='bbox 2129 2618 2330 2670; x_wconf 89' lang='lat' dir='ltr'>Verum,</span> <span class='ocrx_word' id='word_1_309' title='bbox 2406 2631 2418 2640; x_wconf 74' lang='grc'>·’</span> 
     </span>
     <span class='ocr_line' id='line_1_34' title="bbox 280 2691 2414 2752; baseline -0 -17"><span class='ocrx_word' id='word_1_310' title='bbox 280 2691 409 2735; x_wconf 89' lang='lat' dir='ltr'>aliud</span> <span class='ocrx_word' id='word_1_311' title='bbox 435 2694 654 2750; x_wconf 88' lang='lat' dir='ltr'>estquod</span> <span class='ocrx_word' id='word_1_312' title='bbox 688 2694 799 2739; x_wconf 89' lang='lat' dir='ltr'>huic</span> <span class='ocrx_word' id='word_1_313' title='bbox 833 2696 994 2741; x_wconf 87' lang='lat' dir='ltr'>obstet</span> <span class='ocrx_word' id='word_1_314' title='bbox 1026 2696 1437 2752; x_wconf 86' lang='lat' dir='ltr'>interpretationi,</span> <span class='ocrx_word' id='word_1_315' title='bbox 1470 2710 1644 2752; x_wconf 87' lang='lat' dir='ltr'>nempe</span> <span class='ocrx_word' id='word_1_316' title='bbox 1677 2709 1842 2740; x_wconf 82' lang='lat' dir='ltr'>vocem</span> <span class='ocrx_word' id='word_1_317' title='bbox 1876 2700 2071 2748; x_wconf 76' lang='grc' dir='ltr'><em>διαταγας</em></span> <span class='ocrx_word' id='word_1_318' title='bbox 2103 2693 2150 2737; x_wconf 85' lang='lat' dir='ltr'>iu</span> <span class='ocrx_word' id='word_1_319' title='bbox 2186 2704 2331 2736; x_wconf 86' lang='lat' dir='ltr'>sensu</span> <span class='ocrx_word' id='word_1_320' title='bbox 2411 2702 2414 2703; x_wconf 70' lang='grc'>’</span> 
     </span>
     <span class='ocr_line' id='line_1_35' title="bbox 282 2765 2414 2827; baseline 0 -19"><span class='ocrx_word' id='word_1_321' title='bbox 282 2766 487 2821; x_wconf 71' lang='lat' dir='ltr'>aqminis</span> <span class='ocrx_word' id='word_1_322' title='bbox 511 2782 748 2824; x_wconf 85' lang='lat' dir='ltr'>nusquam</span> <span class='ocrx_word' id='word_1_323' title='bbox 775 2769 1003 2812; x_wconf 85' lang='lat' dir='ltr'>inveniri.</span> <span class='ocrx_word' id='word_1_324' title='bbox 1033 2769 1250 2827; x_wconf 86' lang='lat' dir='ltr'>Eamque</span> <span class='ocrx_word' id='word_1_325' title='bbox 1277 2770 1337 2814; x_wconf 91' lang='lat' dir='ltr'>ob</span> <span class='ocrx_word' id='word_1_326' title='bbox 1355 2784 1548 2813; x_wconf 86' lang='lat' dir='ltr'>causam</span> <span class='ocrx_word' id='word_1_327' title='bbox 1571 2769 1727 2825; x_wconf 88' lang='lat' dir='ltr'>magis</span> <span class='ocrx_word' id='word_1_328' title='bbox 1755 2768 1872 2812; x_wconf 90' lang='lat' dir='ltr'>mihi</span> <span class='ocrx_word' id='word_1_329' title='bbox 1892 2766 2074 2812; x_wconf 87' lang='lat' dir='ltr'>arridet</span> <span class='ocrx_word' id='word_1_330' title='bbox 2092 2765 2333 2810; x_wconf 83' lang='lat' dir='ltr'>sententia</span> <span class='ocrx_word' id='word_1_331' title='bbox 2411 2814 2414 2819; x_wconf 56' lang='grc'><strong>,</strong></span> 
     </span>
    </p>
   </div>
   <div class='ocr_carea' id='block_1_11' title="bbox 282 2838 2383 2900">
    <p class='ocr_par' dir='ltr' id='par_1_15' title="bbox 282 2838 2383 2900">
     <span class='ocr_line' id='line_1_36' title="bbox 282 2838 2383 2900; baseline 0 -19"><span class='ocrx_word' id='word_1_332' title='bbox 282 2852 446 2882; x_wconf 89' lang='lat' dir='ltr'>eorum</span> <span class='ocrx_word' id='word_1_333' title='bbox 469 2841 551 2896; x_wconf 90' lang='lat' dir='ltr'>qui</span> <span class='ocrx_word' id='word_1_334' title='bbox 578 2851 776 2886; x_wconf 87' lang='lat' dir='ltr'>sumunt</span> <span class='ocrx_word' id='word_1_335' title='bbox 801 2860 853 2885; x_wconf 82' lang='grc' dir='ltr'>εις</span> <span class='ocrx_word' id='word_1_336' title='bbox 879 2857 987 2886; x_wconf 90' lang='lat' dir='ltr'>cum</span> <span class='ocrx_word' id='word_1_337' title='bbox 1010 2857 1105 2886; x_wconf 91' lang='lat' dir='ltr'>acc.</span> <span class='ocrx_word' id='word_1_338' title='bbox 1132 2843 1190 2886; x_wconf 90' lang='lat' dir='ltr'>de</span> <span class='ocrx_word' id='word_1_339' title='bbox 1208 2857 1256 2886; x_wconf 89' lang='lat' dir='ltr'>eo</span> <span class='ocrx_word' id='word_1_340' title='bbox 1277 2843 1413 2900; x_wconf 77' lang='lat' dir='ltr'>quod,</span> <span class='ocrx_word' id='word_1_341' title='bbox 1429 2846 1483 2886; x_wconf 73' lang='lat' dir='ltr'>ut</span> <span class='ocrx_word' id='word_1_342' title='bbox 1505 2842 1619 2900; x_wconf 80' lang='lat' dir='ltr'>quid</span> <span class='ocrx_word' id='word_1_343' title='bbox 1630 2842 1778 2898; x_wconf 72' lang='lat' dir='ltr'>fieret,</span> <span class='ocrx_word' id='word_1_344' title='bbox 1801 2840 2082 2885; x_wconf 77' lang='lat' dir='ltr'>occasionem</span> <span class='ocrx_word' id='word_1_345' title='bbox 2104 2838 2228 2884; x_wconf 78' lang='lat' dir='ltr'>dedit</span> <span class='ocrx_word' id='word_1_346' title='bbox 2251 2838 2328 2892; x_wconf 87' lang='lat' dir='ltr'>(cf.</span> <span class='ocrx_word' id='word_1_347' title='bbox 2381 2880 2383 2883; x_wconf 88' lang='grc'><em>,</em></span> 
     </span>
    </p>
   </div>
   <div class='ocr_carea' id='block_1_12' title="bbox 2408 2438 2420 2450">
    <p class='ocr_par' dir='ltr' id='par_1_16' title="bbox 2408 2438 2420 2450">
     <span class='ocr_line' id='line_1_37' title="bbox 2408 2438 2420 2450; baseline 0 1580"><span class='ocrx_word' id='word_1_348' title='bbox 2408 2438 2420 2450; x_wconf 95' lang='lat' dir='ltr'> </span> 
     </span>
    </p>
   </div>
   <div class='ocr_carea' id='block_1_13' title="bbox 282 2907 2410 3109">
    <p class='ocr_par' dir='ltr' id='par_1_17' title="bbox 282 2907 2414 3109">
     <span class='ocr_line' id='line_1_38' title="bbox 284 2907 2407 2970; baseline 0 -19"><span class='ocrx_word' id='word_1_349' title='bbox 284 2907 456 2953; x_wconf 88' lang='lat' dir='ltr'>Matth.</span> <span class='ocrx_word' id='word_1_350' title='bbox 483 2911 602 2963; x_wconf 90' lang='lat' dir='ltr'>XII,</span> <span class='ocrx_word' id='word_1_351' title='bbox 626 2913 678 2955; x_wconf 88' lang='lat'>41</span> <span class='ocrx_word' id='word_1_352' title='bbox 714 2913 762 2955; x_wconf 88' lang='lat' dir='ltr'>in</span> <span class='ocrx_word' id='word_1_353' title='bbox 796 2915 904 2969; x_wconf 65' lang='lat' dir='ltr'>gn),</span> <span class='ocrx_word' id='word_1_354' title='bbox 937 2913 1025 2957; x_wconf 92' lang='lat' dir='ltr'>hoc</span> <span class='ocrx_word' id='word_1_355' title='bbox 1059 2927 1235 2957; x_wconf 90' lang='lat' dir='ltr'>sensu:</span> <span class='ocrx_word' id='word_1_356' title='bbox 1270 2913 1333 2956; x_wconf 79' lang='lat' dir='ltr'>ad</span> <span class='ocrx_word' id='word_1_357' title='bbox 1363 2913 1689 2970; x_wconf 69' lang='lat' dir='ltr'>dispositiones</span> <span class='ocrx_word' id='word_1_358' title='bbox 1722 2912 1995 2970; x_wconf 73' lang='lat' dir='ltr'>anyelorum</span> <span class='ocrx_word' id='word_1_359' title='bbox 2037 2909 2332 2967; x_wconf 82' lang='lat' dir='ltr'>(germanice</span> <span class='ocrx_word' id='word_1_360' title='bbox 2401 2939 2407 2942; x_wconf 93' lang='grc'>-</span> 
     </span>
     <span class='ocr_line' id='line_1_39' title="bbox 283 2977 2410 3046; baseline 0.001 -26"><span class='ocrx_word' id='word_1_361' title='bbox 283 2978 373 3034; x_wconf 71' lang='lat' dir='ltr'>aas</span> <span class='ocrx_word' id='word_1_362' title='bbox 397 2980 742 3038; x_wconf 71' lang='lat' dir='ltr'>Anordnunqen</span> <span class='ocrx_word' id='word_1_363' title='bbox 773 2997 860 3026; x_wconf 78' lang='lat' dir='ltr'>von</span> <span class='ocrx_word' id='word_1_364' title='bbox 891 2982 1110 3040; x_wconf 71' lang='lat' dir='ltr'>Enyeln),</span> <span class='ocrx_word' id='word_1_365' title='bbox 1144 2982 1173 3025; x_wconf 93' lang='lat' dir='ltr'>i.</span> <span class='ocrx_word' id='word_1_366' title='bbox 1218 2997 1256 3025; x_wconf 92' lang='lat' dir='ltr'>e.</span> <span class='ocrx_word' id='word_1_367' title='bbox 1299 2982 1486 3039; x_wconf 87' lang='lat' dir='ltr'>angelis</span> <span class='ocrx_word' id='word_1_368' title='bbox 1524 2982 1894 3038; x_wconf 88' lang='lat' dir='ltr'>disponentibus</span> <span class='ocrx_word' id='word_1_369' title='bbox 1932 2981 2092 3026; x_wconf 90' lang='lat' dir='ltr'>omnia</span> <span class='ocrx_word' id='word_1_370' title='bbox 2123 2992 2231 3037; x_wconf 87' lang='lat' dir='ltr'>quae</span> <span class='ocrx_word' id='word_1_371' title='bbox 2270 2977 2332 3022; x_wconf 85' lang='lat' dir='ltr'>ad</span> <span class='ocrx_word' id='word_1_372' title='bbox 2368 3026 2410 3046; x_wconf 59' lang='grc' dir='ltr'> </span> 
     </span>
     <span class='ocr_line' id='line_1_40' title="bbox 282 3045 2409 3109; baseline 0.001 -21"><span class='ocrx_word' id='word_1_373' title='bbox 282 3045 486 3091; x_wconf 89' lang='lat' dir='ltr'>dandam</span> <span class='ocrx_word' id='word_1_374' title='bbox 512 3050 666 3105; x_wconf 87' lang='lat' dir='ltr'>legem</span> <span class='ocrx_word' id='word_1_375' title='bbox 691 3052 1015 3107; x_wconf 89' lang='lat' dir='ltr'>pertinebant.</span> <span class='ocrx_word' id='word_1_376' title='bbox 1045 3051 1162 3108; x_wconf 79' lang='lat' dir='ltr'>Quae</span> <span class='ocrx_word' id='word_1_377' title='bbox 1187 3052 1382 3109; x_wconf 90' lang='lat' dir='ltr'>quidem</span> <span class='ocrx_word' id='word_1_378' title='bbox 1420 3051 1675 3108; x_wconf 82' lang='lat' dir='ltr'>explicatio</span> <span class='ocrx_word' id='word_1_379' title='bbox 1707 3065 1816 3094; x_wconf 89' lang='lat' dir='ltr'>cum</span> <span class='ocrx_word' id='word_1_380' title='bbox 1851 3055 2056 3108; x_wconf 88' lang='lat' dir='ltr'>utraque</span> <span class='ocrx_word' id='word_1_381' title='bbox 2091 3047 2332 3093; x_wconf 82' lang='lat' dir='ltr'>sententia</span> <span class='ocrx_word' id='word_1_382' title='bbox 2406 3103 2409 3108; x_wconf 24' lang='grc' dir='ltr'><strong><em>Δ</em></strong></span> 
     </span>
    </p>
   </div>
   <div class='ocr_carea' id='block_1_14' title="bbox 280 3115 2388 3668">
    <p class='ocr_par' dir='ltr' id='par_1_18' title="bbox 280 3115 2401 3530">
     <span class='ocr_line' id='line_1_41' title="bbox 281 3115 2331 3179; baseline 0.002 -21"><span class='ocrx_word' id='word_1_383' title='bbox 281 3115 339 3159; x_wconf 90' lang='lat' dir='ltr'>de</span> <span class='ocrx_word' id='word_1_384' title='bbox 382 3117 695 3175; x_wconf 77' lang='lat' dir='ltr'>Theophaniis</span> <span class='ocrx_word' id='word_1_385' title='bbox 744 3122 984 3166; x_wconf 84' lang='lat' dir='ltr'>conciliari</span> <span class='ocrx_word' id='word_1_386' title='bbox 1036 3129 1229 3179; x_wconf 81' lang='lat' dir='ltr'>potest3</span> <span class='ocrx_word' id='word_1_387' title='bbox 1263 3137 1376 3166; x_wconf 88' lang='lat' dir='ltr'>nam</span> <span class='ocrx_word' id='word_1_388' title='bbox 1410 3123 1570 3178; x_wconf 89' lang='lat' dir='ltr'>angeli</span> <span class='ocrx_word' id='word_1_389' title='bbox 1603 3123 1728 3167; x_wconf 90' lang='lat' dir='ltr'>forte</span> <span class='ocrx_word' id='word_1_390' title='bbox 1761 3122 2110 3166; x_wconf 83' lang='lat' dir='ltr'>ordinaverunt</span> <span class='ocrx_word' id='word_1_391' title='bbox 2138 3131 2331 3163; x_wconf 87' lang='lat' dir='ltr'>omnem</span> 
     </span>
     <span class='ocr_line' id='line_1_42' title="bbox 280 3189 2388 3248; baseline 0.003 -22"><span class='ocrx_word' id='word_1_392' title='bbox 280 3194 564 3240; x_wconf 86' lang='lat' dir='ltr'>apparatum</span> <span class='ocrx_word' id='word_1_393' title='bbox 583 3198 851 3241; x_wconf 83' lang='lat' dir='ltr'>externum,</span> <span class='ocrx_word' id='word_1_394' title='bbox 877 3193 957 3248; x_wconf 91' lang='lat' dir='ltr'>qui</span> <span class='ocrx_word' id='word_1_395' title='bbox 981 3191 1031 3234; x_wconf 88' lang='lat' dir='ltr'>in</span> <span class='ocrx_word' id='word_1_396' title='bbox 1054 3192 1174 3247; x_wconf 86' lang='lat' dir='ltr'>legis</span> <span class='ocrx_word' id='word_1_397' title='bbox 1201 3193 1592 3248; x_wconf 87' lang='lat' dir='ltr'>promulgatione</span> <span class='ocrx_word' id='word_1_398' title='bbox 1617 3191 1864 3235; x_wconf 84' lang='lat' dir='ltr'>adhibitus</span> <span class='ocrx_word' id='word_1_399' title='bbox 1888 3191 1995 3242; x_wconf 86' lang='lat' dir='ltr'>fuit,</span> <span class='ocrx_word' id='word_1_400' title='bbox 2022 3189 2107 3233; x_wconf 90' lang='lat' dir='ltr'>sed</span> <span class='ocrx_word' id='word_1_401' title='bbox 2125 3189 2331 3247; x_wconf 77' lang='lat' dir='ltr'>ipsemet</span> <span class='ocrx_word' id='word_1_402' title='bbox 2382 3194 2388 3203; x_wconf 81' lang='lat'>‘</span> 
     </span>
     <span class='ocr_line' id='line_1_43' title="bbox 282 3252 2332 3317; baseline 0.004 -21"><span class='ocrx_word' id='word_1_403' title='bbox 282 3252 411 3298; x_wconf 82' lang='lat' dir='ltr'>Deus</span> <span class='ocrx_word' id='word_1_404' title='bbox 445 3256 704 3301; x_wconf 84' lang='lat' dir='ltr'>videndum</span> <span class='ocrx_word' id='word_1_405' title='bbox 736 3274 786 3302; x_wconf 86' lang='lat' dir='ltr'>se</span> <span class='ocrx_word' id='word_1_406' title='bbox 821 3261 1029 3316; x_wconf 75' lang='lat' dir='ltr'>praebuit</span> <span class='ocrx_word' id='word_1_407' title='bbox 1062 3268 1115 3304; x_wconf 94' lang='lat' dir='ltr'>ut</span> <span class='ocrx_word' id='word_1_408' title='bbox 1150 3261 1305 3317; x_wconf 87' lang='lat' dir='ltr'>legem</span> <span class='ocrx_word' id='word_1_409' title='bbox 1339 3261 1568 3305; x_wconf 85' lang='lat' dir='ltr'>traderet.</span> <span class='ocrx_word' id='word_1_410' title='bbox 1605 3261 1676 3305; x_wconf 91' lang='lat' dir='ltr'>De</span> <span class='ocrx_word' id='word_1_411' title='bbox 1709 3266 1886 3311; x_wconf 88' lang='lat' dir='ltr'>cetero,</span> <span class='ocrx_word' id='word_1_412' title='bbox 1921 3259 2138 3316; x_wconf 88' lang='lat' dir='ltr'>Angelos</span> <span class='ocrx_word' id='word_1_413' title='bbox 2171 3257 2393 3315; x_wconf 78' lang='lat' dir='ltr'>reipsa</span> 
     </span>
     <span class='ocr_line' id='line_1_44' title="bbox 281 3325 2373 3382; baseline 0.006 -17"><span class='ocrx_word' id='word_1_414' title='bbox 281 3331 544 3378; x_wconf 87' lang='lat' dir='ltr'>praesentes</span> <span class='ocrx_word' id='word_1_415' title='bbox 568 3326 715 3370; x_wconf 86' lang='lat' dir='ltr'>fuisse</span> <span class='ocrx_word' id='word_1_416' title='bbox 738 3327 852 3371; x_wconf 90' lang='lat' dir='ltr'>dum</span> <span class='ocrx_word' id='word_1_417' title='bbox 880 3329 991 3372; x_wconf 81' lang='lat' dir='ltr'>lex</span> <span class='ocrx_word' id='word_1_418' title='bbox 980 3345 1029 3372; x_wconf 84' lang='lat' dir='ltr'>in</span> <span class='ocrx_word' id='word_1_419' title='bbox 1059 3329 1191 3373; x_wconf 87' lang='lat' dir='ltr'>Sinai</span> <span class='ocrx_word' id='word_1_420' title='bbox 1215 3330 1330 3373; x_wconf 87' lang='lat' dir='ltr'>data</span> <span class='ocrx_word' id='word_1_421' title='bbox 1353 3329 1458 3382; x_wconf 87' lang='lat' dir='ltr'>fuit,</span> <span class='ocrx_word' id='word_1_422' title='bbox 1483 3344 1540 3374; x_wconf 88' lang='lat' dir='ltr'>ex</span> <span class='ocrx_word' id='word_1_423' title='bbox 1566 3330 1709 3374; x_wconf 85' lang='lat' dir='ltr'>Deut.</span> <span class='ocrx_word' id='word_1_424' title='bbox 1732 3328 1980 3380; x_wconf 85' lang='lat' dir='ltr'>XXXIII,</span> <span class='ocrx_word' id='word_1_425' title='bbox 1997 3328 2024 3372; x_wconf 81' lang='lat'>2</span> <span class='ocrx_word' id='word_1_426' title='bbox 2043 3325 2373 3377; x_wconf 69' lang='lat' dir='ltr'>concluden&#39;</span> 
     </span>
     <span class='ocr_line' id='line_1_45' title="bbox 284 3389 2381 3461; baseline 0.004 -26"><span class='ocrx_word' id='word_1_427' title='bbox 284 3389 402 3435; x_wconf 89' lang='lat' dir='ltr'>dum</span> <span class='ocrx_word' id='word_1_428' title='bbox 424 3393 628 3446; x_wconf 90' lang='lat' dir='ltr'>videtur,</span> <span class='ocrx_word' id='word_1_429' title='bbox 662 3398 931 3451; x_wconf 80' lang='lat' dir='ltr'>praesertim</span> <span class='ocrx_word' id='word_1_430' title='bbox 966 3399 1006 3442; x_wconf 85' lang='lat' dir='ltr'>si</span> <span class='ocrx_word' id='word_1_431' title='bbox 1039 3399 1186 3443; x_wconf 86' lang='lat' dir='ltr'>verba</span> <span class='ocrx_word' id='word_1_432' title='bbox 1219 3392 1412 3444; x_wconf 76' lang='lat' dir='ltr'>hebraea</span> <span class='ocrx_word' id='word_1_433' title='bbox 1443 3413 1551 3444; x_wconf 90' lang='lat' dir='ltr'>cum</span> <span class='ocrx_word' id='word_1_434' title='bbox 1585 3413 1715 3444; x_wconf 86' lang='lat' dir='ltr'>vers.</span> <span class='ocrx_word' id='word_1_435' title='bbox 1751 3399 1905 3452; x_wconf 85' lang='lat' dir='ltr'>Alex,</span> <span class='ocrx_word' id='word_1_436' title='bbox 1937 3398 2104 3456; x_wconf 68' lang='lat' dir='ltr'>Vulg„</span> <span class='ocrx_word' id='word_1_437' title='bbox 2137 3390 2381 3461; x_wconf 45' lang='lat' dir='ltr'>saujff‘s</span> 
     </span>
     <span class='ocr_line' id='line_1_46' title="bbox 287 3460 2317 3530; baseline 0.011 -26"><span class='ocrx_word' id='word_1_438' title='bbox 287 3460 440 3505; x_wconf 86' lang='lat' dir='ltr'>chald.</span> <span class='ocrx_word' id='word_1_439' title='bbox 465 3468 552 3508; x_wconf 87' lang='lat' dir='ltr'>etc,</span> <span class='ocrx_word' id='word_1_440' title='bbox 576 3465 891 3509; x_wconf 85' lang='lat' dir='ltr'>conferamus.</span> <span class='ocrx_word' id='word_1_441' title='bbox 2214 3515 2317 3530; x_wconf 39' lang='grc' dir='ltr'>..Ἢ</span> 
     </span>
    </p>

    <p class='ocr_par' dir='ltr' id='par_1_19' title="bbox 292 3522 2330 3672">
     <span class='ocr_line' id='line_1_47' title="bbox 349 3522 2329 3601; baseline 0.006 -26"><span class='ocrx_word' id='word_1_442' title='bbox 349 3533 420 3575; x_wconf 87' lang='grc'>54.</span> <span class='ocrx_word' id='word_1_443' title='bbox 455 3533 745 3579; x_wconf 82' lang='lat' dir='ltr'>Auditorum</span> <span class='ocrx_word' id='word_1_444' title='bbox 789 3536 936 3589; x_wconf 87' lang='lat' dir='ltr'>furor,</span> <span class='ocrx_word' id='word_1_445' title='bbox 978 3537 1212 3584; x_wconf 84' lang='lat' dir='ltr'>hactenus</span> <span class='ocrx_word' id='word_1_446' title='bbox 1258 3538 1517 3592; x_wconf 90' lang='lat' dir='ltr'>cohibitus,</span> <span class='ocrx_word' id='word_1_447' title='bbox 1550 3544 1599 3585; x_wconf 91' lang='lat' dir='ltr'>et</span> <span class='ocrx_word' id='word_1_448' title='bbox 1631 3539 1865 3596; x_wconf 83' lang='lat' dir='ltr'>paulatim</span> <span class='ocrx_word' id='word_1_449' title='bbox 1897 3522 2195 3594; x_wconf 26' lang='lat' dir='ltr'>acervatur&amp;&gt;</span> <span class='ocrx_word' id='word_1_450' title='bbox 2209 3528 2329 3600; x_wconf 38' lang='lat' dir='ltr'>jes?</span> 
     </span>
     <span class='ocr_line' id='line_1_48' title="bbox 292 3601 2177 3668; baseline 0.006 -23"><span class='ocrx_word' id='word_1_451' title='bbox 292 3601 485 3647; x_wconf 79' lang='lat' dir='ltr'>tandem</span> <span class='ocrx_word' id='word_1_452' title='bbox 509 3604 734 3661; x_wconf 84' lang='lat' dir='ltr'>erumpit,</span> <span class='ocrx_word' id='word_1_453' title='bbox 755 3609 900 3662; x_wconf 84' lang='lat' dir='ltr'>atque</span> <span class='ocrx_word' id='word_1_454' title='bbox 922 3609 1100 3652; x_wconf 82' lang='lat' dir='ltr'>oratori</span> <span class='ocrx_word' id='word_1_455' title='bbox 1120 3623 1204 3665; x_wconf 89' lang='lat' dir='ltr'>per</span> <span class='ocrx_word' id='word_1_456' title='bbox 1227 3609 1487 3666; x_wconf 85' lang='lat' dir='ltr'>strepitum</span> <span class='ocrx_word' id='word_1_457' title='bbox 1508 3609 1837 3668; x_wconf 82' lang='lat' dir='ltr'>clamoresque</span> <span class='ocrx_word' id='word_1_458' title='bbox 1859 3623 1914 3655; x_wconf 83' lang='lat' dir='ltr'>os</span> <span class='ocrx_word' id='word_1_459' title='bbox 1931 3603 2177 3655; x_wconf 77' lang='lat' dir='ltr'>occludit.&#39;</span> 
     </span>
    </p>
   </div>
   <div class='ocr_carea' id='block_1_15' title="bbox 1646 2931 2430 4030">
    <p class='ocr_par' dir='ltr' id='par_1_20' title="bbox 1646 2931 2430 4030">
     <span class='ocr_line' id='line_1_49' title="bbox 2370 2931 2430 3141; baseline 0 0"><span class='ocrx_word' id='word_1_460' title='bbox 2370 2931 2430 3141; x_wconf 95' lang='lat' dir='ltr'>   </span> 
     </span>
     <span class='ocr_line' id='line_1_50' title="bbox 2370 3141 2430 3211; baseline 0 819"><span class='ocrx_word' id='word_1_461' title='bbox 2370 3141 2430 3211; x_wconf 95' lang='lat' dir='ltr'> </span> 
     </span>
     <span class='ocr_line' id='line_1_51' title="bbox 2370 3211 2430 3277; baseline 0 753"><span class='ocrx_word' id='word_1_462' title='bbox 2370 3211 2430 3277; x_wconf 95' lang='lat' dir='ltr'> </span> 
     </span>
     <span class='ocr_line' id='line_1_52' title="bbox 2193 3277 2430 3489; baseline 0 0"><span class='ocrx_word' id='word_1_463' title='bbox 2193 3277 2430 3489; x_wconf 95' lang='lat' dir='ltr'>   </span> 
     </span>
     <span class='ocr_line' id='line_1_53' title="bbox 1646 3502 2430 4030; baseline 0 0"><span class='ocrx_word' id='word_1_464' title='bbox 1646 3502 2430 4030; x_wconf 95' lang='lat' dir='ltr'>   </span> 
     </span>
    </p>
   </div>
  </div>
 </body>
</html>
