2430 4030
741 287 972 331 QUAEs'rio
1011 286 1433 324 scalprufflscch
1473 288 1538 322 Dm
1579 288 1763 323 MAorA.
2161 275 2263 324 283

305 421 372 472 In
416 436 534 487 cap.
584 419 769 469 autem
815 415 950 480 VII,
996 418 1063 470 59
1111 420 1350 470 Actuum
1399 420 1791 487 Apostolorum
1838 419 1906 470 de
1952 419 2263 488 hujusmodi

237 502 572 572 lapidatione
599 499 1034 568 extra-judiciali
1072 519 1251 553 sermo
1278 521 1386 553 non
1416 502 1672 564 habetur5
1721 521 1844 552 nam
1885 521 2066 554 coram
2104 520 2265 571 syne-

235 584 356 636 drio
386 590 664 651 tamquam
707 599 829 632 reus
871 583 1028 632 stetit
1062 582 1393 650 Stephanus.
1435 582 1580 633 Illud
1619 588 1799 634 tamen
1837 584 2136 635 notandum
2164 590 2265 647 est,

237 683 430 719 omnes
466 664 662 734 judicii
706 663 981 732 regularis
1022 664 1223 716 formas
1260 666 1678 734 haudquaquam
1716 665 1883 717 fuisse
1930 668 2265 728 observatas,

238 768 406 820 quum
451 747 730 800 sententia
768 766 799 797 a
834 745 1114 815 judicibus
1149 749 1259 799 lata
1300 767 1408 799 non
1452 749 1643 813 fuerit,
1684 755 1756 812 et,
1800 750 2017 800 etiamsi
2056 750 2266 811 fuisset,

236 832 422 887 Judaei
470 849 577 882 non
623 830 954 898 potuissent,
999 831 1116 881 sine
1160 831 1529 882 Romanorum
1575 832 1816 894 licentia,
1871 850 2022 882 reum
2075 831 2266 882 ultimo

236 916 448 966 afficere
495 912 766 982 supplicio
817 912 1037 979 (Joann.
1080 912 1299 975 XVIII,
1345 913 1458 975 31),
1498 922 1788 981 propterea
1831 914 1977 981 quod
2030 932 2091 964 ea
2128 919 2266 964 tem=

235 1005 450 1069 pestate
490 997 584 1066 jus
635 996 832 1064 qladiz',
887 1014 992 1065 quo
1045 997 1375 1048 sententiam
1428 996 1716 1064 capitalem
1785 997 2129 1064 perficerent,
2185 996 2263 1047 eis

234 1084 554 1151 ademptum
582 1087 747 1133 esset.

726 1239 1329 1292 DISSERTA'PIO
1397 1239 1508 1303 QU
1531 1238 1778 1290 ARTA.

801 1377 1006 1418 QUAESTJO
1038 1376 1415 1408 scmrrumstricA
1447 1376 1509 1406 DE.
1544 1375 1707 1406 MAGIA.

856 1467 952 1523 (Ad
985 1468 1095 1512 Act.
1129 1468 1301 1524 Apost.
1336 1465 1481 1518 VIII,
1515 1467 1652 1521 9-11).

291 1583 352 1622 Cf.
377 1584 569 1622 CALMET.
599 1583 767 1622 dissert.
798 1594 913 1632 spec.
943 1580 998 1620 ad
1029 1582 1160 1621 Exod.
1192 1602 1243 1609 -—
1276 1583 1448 1629 DANKO,
1478 1581 1587 1619 Hist.
1621 1578 1739 1626 revel,
1770 1591 1806 1617 v.
1840 1578 2012 1616 restam.
2035 1590 2076 1627 p.
2102 1577 2192 1615 121.
2218 1597 2268 1607 «-

235 1651 451 1696 BERGIER,
475 1650 586 1688 Dice.
609 1650 681 1697 th„
703 1654 785 1687 art.
808 1649 957 1698 Mayie.
974 1669 1026 1676 —
1044 1648 1230 1687 WETZER
1251 1650 1289 1686 et
1310 1648 1481 1695 Wmmm,
1506 1647 1612 1685 Dect.
1635 1645 1787 1693 encycl.
1808 1647 1890 1683 art.
1910 1644 2047 1692 Maqie
2066 1641 2196 1694 (trad.
2214 1643 2266 1681 de

235 1714 481 1766 Goschler).
504 1736 557 1742 —
583 1714 809 1761 Pmssom,
832 1715 876 1752 in
898 1716 1027 1753 tract.
1051 1714 1103 1752 de
1127 1713 1319 1763 Angelis.

307 1822 567 1890 Μαρία,
613 1823 922 1891 generatim
970 1824 1077 1874 dici
1130 1828 1343 1892 potest:
1397 1841 1484 1873 ars
1534 1819 1793 1889 operandi
1835 1816 2082 1886 quendam
2129 1814 2268 1864 mira

223 1923 324 1974 per
353 1923 548 1956 causas
585 1905 853 1958 insolitas.
885 1906 1163 1959 Dividitur
1190 1906 1245 1956 in
1286 1904 1340 1974 as
1378 1904 1703 1966 natm-alem,
1733 1919 1854 1970 quae
1881 1899 2060 1951 causis
2090 1897 2268 1948 occul-

234 1988 325 2051 tis,
361 1988 461 2040 sed
504 1990 868 2052 naturalibus,
912 1990 1103 2053 utitur,
1142 1990 1350 2057 absque
1390 2006 1491 2055 ope
1535 1986 1822 2048 daemonis,
1868 1988 1921 2034 et
1950 1980 2011 2049 bs
2039 1978 2263 2030 diaboli-

237 2089 351 2122 cam
399 2090 493 2123 seu
539 2074 986 2142 superstitiosam,
1032 2091 1153 2142 quae
1201 2072 1379 2139 magia
1424 2076 1509 2122 est
1554 2069 1771 2138 proprie
1823 2066 1988 2127 dicta,
2042 2078 2269 2131 quaeque

236 2154 528 2207 definitur:
560 2173 649 2206 ars
676 2149 960 2207 mirabilia
990 2156 1323 2224 producendi
1350 2173 1450 2222 per
1485 2152 1740 2205 eleemonis
1769 2150 2100 2219 potestatem.
2134 2143 2267 2192 Haec

234 2235 420 2304 itaque
448 2238 685 2290 existere
724 2240 918 2308 nequit
961 2241 1078 2291 sine
1120 2239 1420 2290 commercio
1461 2236 1695 2306 quodam
1734 2247 1991 2301 perverso
2032 2224 2264 2277 hominis

233 2336 357 2368 cum
386 2319 631 2384 diab0103
663 2322 809 2389 quod
838 2323 1062 2391 quidem
1092 2321 1497 2381 commercium,
1527 2336 1626 2387 per
1653 2316 1853 2367 nudam
1880 2309 2263 2363 invocationem

235 2402 463 2470 spiritus
495 2405 638 2468 mali,
668 2406 752 2456 vel
781 2424 877 2474 per
902 2410 1119 2475 pactam
1146 2423 1269 2456 cum
1298 2406 1436 2473 ipso,
1467 2404 1663 2454 saltem
1695 2399 1941 2459 tacitum,
1969 2394 2159 2444 initur.

310 2488 456 2537 Ante
494 2489 676 2539 omnia
715 2489 1121 2541 observandum
1159 2494 1261 2550 est,
1303 2507 1500 2556 maqos,
1546 2486 1612 2537 de
1655 2484 1854 2553 quibus
1884 2476 2085 2529 mentio
2119 2474 2182 2523 fit
2210 2472 2265 2522 in

236 2586 279 2618 s.
326 2568 629 2638 Scriptura,
669 2590 777 2622 non
817 2590 1034 2640 semper
1074 2571 1311 2639 intelligi
1354 2572 1498 2622 viros
1546 2568 1733 2635 maqioe
1772 2563 2005 2615 deditos.
2046 2555 2263 2608 Etenim

238 2650 440 2705 Matth.
471 2654 551 2717 II,
585 2657 608 2706 1
649 2655 736 2723 (cf.
765 2657 962 2709 Oomm.
982 2661 1231 2708 nostrum
1254 2673 1297 2706 8.
1322 2653 1517 2704 Matth.
1549 2653 1605 2703 3a
1632 2651 1737 2712 ed„
1767 2655 1822 2700 et
1844 2651 2028 2698 annot.
2051 2643 2106 2692 in
2139 2641 2262 2688 Acb-

239 2735 345 2801 Ap.
398 2736 562 2802 VIII,
609 2740 661 2807 9)
733 2739 879 2807 maqi
931 2746 1213 2801 vocantur,
1268 2738 1486 2788 nomine
1539 2754 1569 2785 a
1625 2732 1801 2783 Persis
1855 2728 2108 2790 deducto,
2165 2724 2266 2775 viri

235 2820 531 2887 sapientes,
575 2823 669 2890 qui
711 2822 1060 2874 astronomiae
1098 2828 1153 2872 et
1192 2821 1326 2872 artis
1368 2819 1592 2870 medicae
1629 2814 1789 2884 periti
1833 2816 2004 2873 erant,
2035 2807 2255 2877 quique,

235 2902 493 2970 religioni
523 2907 826 2974 praepositi,
856 2923 1054 2974 magno
1082 2904 1138 2954 in
1168 2903 1372 2954 honore
1402 2899 1711 2967 antiquitus
1742 2894 2106 2946 habebantur.

311 2985 609 3056 Praecipuae
635 2999 820 3040 autem
849 2988 1039 3057 mayiae
1065 2986 1295 3056 specieS,
1328 3001 1460 3052 quas
1490 3001 1531 3033 e.
1557 2981 1757 3031 Literae
1785 2978 2103 3034 memorant,
2127 2975 2255 3023 sunt

239 3082 562 3138 sequentes:
615 3071 664 3123 1⁰
708 3073 1092 3125 Necroma‘ntia
1140 3073 1290 3139 (νεκρος
1338 3072 1592 3127 mortuus,
1639 3069 1695 3115 et
1734 3082 1903 3118 μαντεία
1950 3054 2256 3118 divinatio),

237 3169 334 3203 seu
364 3162 701 3206 mortuorum
732 3157 993 3219 evocatio,
1025 3157 1092 3207 cf.
1129 3157 1150 3206 l
1196 3154 1335 3221 Reg.
1382 3148 1655 3211 XXVIII,
1707 3148 1734 3198 7
1771 3163 1890 3214 sqq.
1939 3139 1992 3193 2⁰
2034 3139 2259 3207 Serpen-

237 3243 349 3289 tum
396 3238 715 3301 incantatio,
760 3239 828 3290 cf.
879 3238 965 3290 ΡΒ.
1014 3237 1192 3300 LVII,
1240 3237 1270 3286 6
1321 3231 1543 3300 (videsis
1588 3229 1784 3280 Oomm.
1824 3231 1995 3277 nostr.
2038 3223 2096 3274 in
2144 3221 2263 3272 libr.

239 3319 462 3383 Psalm„
504 3321 574 3371 ad
621 3321 698 3372 ill.
748 3321 830 3388 l.),
875 3329 930 3371 et
974 3320 1181 3371 Jerem.
1227 3315 1390 3378 VIII,
1435 3314 1518 3364 17.
1577 3310 1631 3362 3⁰
1670 3308 1994 3375 Astroloqia,
2038 3323 2133 3356 seu
2179 3322 2267 3354 ars

241 3404 539 3455 definiendi
569 3404 844 3456 hominum
872 3404 983 3454 fata
1011 3421 1039 3453 e
1067 3402 1310 3452 siderum
1339 3398 1394 3448 in
1426 3397 1554 3447 hora
1582 3393 1751 3444 natali
1779 3389 2158 3459 dispositione,
2185 3386 2253 3437 cf.

247 3486 315 3538 Is.
361 3485 596 3550 XLVII,
638 3488 722 3540 13.
759 3486 815 3537 4⁰
858 3484 1138 3538 Divinatio
1174 3500 1270 3534 seu
1311 3477 1683 3548 Pythonismus
1729 3474 1779 3541 (a
1821 3471 2076 3540 Pythone,
2124 3468 2268 3536 quod

249 3589 446 3622 nomen
483 3576 568 3622 est
606 3571 898 3640 serpentis,
938 3569 1008 3621 ab
1039 3566 1293 3636 Apolline
1331 3561 1676 3615 oraculorum
1708 3562 1928 3628 auctore
1955 3550 2271 3616 interfecti),
