2430 4030
219 247 288 320 90
779 286 941 324 Acriis
981 289 1377 338 APOSTOLORUM,
1419 275 1521 340 VI,
1566 278 1712 330 1-15.

168 424 194 462 2
215 420 271 470 in
302 420 606 470 ministerio
636 419 956 489 quotidiano
987 422 1166 475 viduae
1195 441 1400 475 eorum.
1432 428 1465 466 ²¹<
1496 423 1873 493 Convocantes
1910 433 2090 478 autem
2129 427 2262 480 duo-

222 505 398 556 decim
429 506 840 557 multitudinem
879 506 1292 576 discipulorum,
1321 509 1580 560 dixerunt
1612 531 1622 561 :
1653 509 1779 561 Non
1808 517 1893 562 est
1920 529 2134 580 aequum
2163 529 2263 564 nos

166 589 596 658 3derelinquere
643 591 871 642 verbum
922 592 1042 654 Dei,
1092 598 1147 644 et
1190 593 1503 644 ministrare
1552 593 1770 646 mensiS.
1821 598 1854 634 ²³<
1905 594 2261 648 Considerate

214 691 367 740 ergo,
397 673 612 735 fratres,
642 673 787 724 viros
816 692 883 723 ex
914 674 1070 725 vobis
1099 674 1230 726 boni
1269 675 1570 726 testimonii
1600 681 1833 744 septem,
1864 677 2056 745 plenos
2088 676 2258 745 Spiri-

165 753 192 791 4
215 759 273 805 tu
317 761 524 817 sancto,
570 760 625 806 et
657 756 943 823 sapientia,
976 775 1110 825 quos
1147 758 1547 808 constituamus
1576 775 1738 825 super
1770 759 1870 810 hoc
1898 776 2052 826 opus.
2083 763 2116 799 ³¹<
2145 758 2261 810 Nos

164 839 341 889 5vero
382 838 630 898 orationi,
674 844 728 888 et
770 838 1074 889 ministerio
1117 840 1269 891 verbi
1310 840 1582 891 instantes
1623 840 1848 892 erimus.
1879 845 1911 881 ²¹<
1942 840 2015 892 Et
2055 841 2264 909 placuit

210 938 387 970 sermo
427 938 607 971 coram
649 922 795 971 omni
836 922 1207 974 multitudine.
1256 923 1326 974 Et
1367 924 1657 990 elegerunt
1701 922 2042 991 Stephanum
2083 925 2262 976 virum

208 1003 430 1071 plenum
473 1004 580 1054 fide
625 1011 679 1054 et
730 1003 939 1071 Spiritu
984 1012 1192 1068 sancto,
1237 1012 1291 1057 et
1338 1006 1670 1074 Philippum,
1713 1011 1768 1057 et
1818 1007 2167 1068 prochorum,
2207 1013 2262 1058 et

209 1087 553 1149 Nicanorem,
612 1093 666 1136 et
713 1086 1014 1150 Timonem,
1061 1098 1115 1138 et
1168 1089 1508 1151 parmenam,
1556 1098 1612 1139 et
1657 1088 1945 1140 Nicolaum
1993 1089 2259 1142 advenam

158 1171 185 1210 6
210 1171 631 1221 Antiochenam.
660 1174 691 1209 >k
737 1170 851 1222 Hos
893 1178 1208 1223 statuerunt
1248 1179 1379 1223 ante
1420 1178 1778 1240 conspectum
1828 1175 2214 1242 Apostolorum
2249 1195 2259 1226 :

159 1255 184 1299 7
207 1261 262 1304 et
290 1262 506 1304 orantes
535 1254 914 1321 imposueruut
943 1256 1020 1305 eis
1051 1275 1259 1307 manus.
1285 1260 1316 1296 ³¹<
1347 1252 1420 1306 Et
1449 1256 1674 1307 verbum
1708 1257 1929 1307 Domini
1958 1257 2259 1321 crescebat,

206 1345 261 1387 et
310 1337 778 1404 multiplicabatur
833 1355 1088 1388 numerus
1141 1338 1537 1407 discipulorum
1595 1340 1650 1388 in
1705 1339 2011 1391 Jerusalem
2056 1339 2257 1392 valde:

207 1421 376 1471 multa
403 1421 567 1470 etiam
598 1420 759 1470 turba
787 1421 1134 1472 sacerdotum
1173 1422 1470 1473 obediebat
1497 1421 1646 1473 fidei.

203 1677 382 1734 quique
426 1676 596 1731 lingua
646 1689 780 1718 sacra
829 1675 1105 1727 utebantur,
1153 1676 1523 1732 praestantiores
1573 1690 1622 1719 se
1670 1690 1724 1720 ac
1767 1675 2015 1732 digniores
2069 1675 2257 1721 Judaeis

205 1746 493 1803 peregrinis,
516 1746 600 1802 qui
633 1745 762 1789 inter
788 1746 994 1802 gentiles
1023 1747 1122 1790 nati
1150 1752 1198 1789 et
1223 1746 1413 1789 educati
1447 1750 1604 1797 erant,
1640 1751 1925 1801 reputarent
1963 1765 1972 1790 ι
2007 1746 2117 1791 inde
2151 1751 2259 1791 orta

204 1823 278 1861 est
310 1816 487 1860 divisio
520 1815 759 1872 quaedam,
793 1815 917 1859 forte
951 1831 1007 1859 ex
1041 1817 1226 1872 optimo
1259 1815 1354 1858 fine
1390 1816 1611 1866 excitata,
1646 1830 1795 1873 quum
1823 1816 2079 1875 utriusque
2103 1817 2257 1874 partis

203 1887 362 1943 capita
403 1900 514 1930 suas
556 1886 727 1929 viduas
764 1901 927 1930 amore
967 1901 1020 1930 ac
1054 1886 1383 1930 sollicitudine
1416 1886 1829 1940 amplecterentur
1862 1905 1870 1930 :
1906 1898 2259 1940 verumtamen,

203 1962 259 2001 ut
314 1957 442 2000 inter
491 1954 710 1998 homines
760 1956 881 1998 solet
932 1956 1163 2005 accidere,
1218 1955 1426 1998 miseriae
1490 1955 1601 1998 inde
1651 1969 1843 2011 magnae
1891 1955 1942 1999 in
1991 1955 2255 2000 Ecclesiam

205 2028 475 2081 irrumpere
526 2029 765 2080 poterant.
844 2025 1060 2081 Eamque
1118 2024 1176 2067 ob
1233 2039 1426 2067 causam
1482 2023 1694 2067 remedia
1748 2024 1970 2082 quaedam
2027 2025 2257 2070 adhibere

206 2096 429 2154 Apostoli
454 2099 734 2139 statuerunt
762 2095 1139 2151 sapientissime.

264 2168 304 2210 3.
336 2166 547 2223 Populus
576 2171 767 2222 poterat
791 2180 869 2208 eos
895 2165 1089 2222 eligere,
1115 2164 1199 2209 sed
1225 2164 1444 2221 Apostoli
1480 2164 1673 2208 eosdem
1700 2165 1968 2210 constituere
2002 2165 2254 2218 debebant,

204 2239 309 2284 coll.
335 2245 379 2282 v'.
407 2239 449 2281 6.

264 2312 304 2352 4.
356 2308 608 2358 ORATIONI,
653 2322 718 2351 sc.
767 2307 947 2352 sanctis
993 2307 1218 2364 precibus
1265 2307 1554 2363 generatim,
1601 2314 1748 2364 atque
1794 2307 2066 2364 specialiter
2109 2321 2256 2352 sacrae

205 2379 443 2434 Liturgiae
477 2391 562 2421 seu
595 2377 760 2421 Missae
794 2377 1123 2427 celebrationi,
1158 2390 1265 2433 quae
1300 2376 1513 2420 omnium
1549 2378 1884 2432 precationum
1913 2378 2156 2433 praecipua
2179 2384 2256 2423 est

205 2448 513 2503 (sacrificium
547 2447 676 2490 enim
710 2452 785 2491 est
818 2447 987 2492 orandi
1020 2447 1173 2490 forma
1204 2445 1475 2501 κατέξοχην).
1519 2446 1706 2491 Notent
1747 2447 2003 2503 Evangelii
2038 2448 2253 2492 ministri

201 2524 314 2564 ante
346 2532 538 2562 omnem
573 2517 783 2561 laborem
819 2518 1083 2575 precationi
1118 2525 1297 2560 sanctae
1330 2516 1688 2573 indulgendum
1718 2531 1822 2562 esse
1857 2537 1866 2562 :
1903 2518 2087 2562 frustra
2121 2518 2249 2562 enim

202 2590 481 2646 plantarent
507 2592 653 2642 atque
678 2587 957 2642 irrigarent,
982 2587 1022 2629 si
1048 2586 1180 2629 Deus
1203 2585 1557 2629 incrementum
1585 2600 1681 2630 non
1705 2586 1858 2631 daret.

262 2660 303 2702 5.
356 2657 642 2706 Pmmrrum,
687 2656 744 2699 de
784 2670 881 2712 quo
923 2655 1036 2699 vide
1079 2669 1182 2709 cap.
1229 2653 1374 2705 VIII,
1421 2655 1554 2708 5-40;
1605 2655 1744 2706 XXI,
1793 2655 1833 2699 8.
1880 2656 1948 2700 ΕΤ
1991 2656 2249 2701 NICOLAUM

200 2741 440 2780 ADVENAM,
474 2727 772 2785 proselytum,
810 2725 910 2783 qui,
950 2724 1220 2768 Antiochiae
1255 2729 1399 2767 natus
1434 2723 1562 2767 inter
1594 2726 1815 2781 gentiles,
1848 2726 2111 2771 Mosaicam
2144 2728 2252 2771 reli-

200 2799 393 2855 gionem
433 2797 681 2853 amplexus
723 2800 841 2839 erat.
888 2795 1031 2839 Certe
1070 2795 1202 2838 solus
1243 2804 1344 2837 erat
1389 2794 1681 2852 proselytus,
1718 2803 1864 2854 atque
1905 2797 2011 2842 ideo
2049 2802 2104 2842 ut
2141 2799 2252 2842 talis
2319 2809 2322 2812 ’
2356 2795 2388 2807 ’”

199 2870 499 2923 designatur.
524 2867 635 2911 Noli
658 2881 767 2911 cum
793 2866 962 2911 Grotio
989 2865 1119 2908 hunc
1138 2865 1490 2909 Nicolaitarum
1517 2867 1679 2920 (sectae
1704 2867 1762 2911 de
1788 2882 1883 2924 qua
1907 2869 2053 2925 Apoc.
2080 2869 2150 2920 II,
2174 2870 2248 2924 15)

199 2944 444 2983 auctorem
471 2937 659 2981 habere.
696 2960 750 2966 -
783 2935 994 2980 Nomina
1031 2935 1238 2979 istorum
1273 2935 1505 2985 omnium,
1532 2949 1683 2992 quum
1715 2951 1874 2992 graeca
1900 2938 2013 2990 sint,
2037 2938 2248 2982 innuunt

199 3009 329 3054 viros
358 3007 669 3058 Hellenistas,
693 3020 748 3049 ex
773 3005 1000 3062 prudenti
1026 3004 1235 3061 quadam
1257 3004 1473 3054 caritate,
1498 3005 1676 3049 electos
1702 3006 1870 3051 fuisse.

258 3079 297 3122 6.
335 3078 571 3128 ORANTES,
606 3091 669 3120 sc.
706 3076 941 3132 Apostoli,
981 3086 1313 3119 mrosuassuu'r
1345 3086 1414 3117 ms
1445 3087 1619 3126 MANUS,
1653 3090 1747 3133 quo
1781 3077 1879 3120 ritu
1913 3091 2047 3122 sacro
2081 3077 2246 3123 Diaco-

195 3154 342 3193 natus
369 3147 587 3191 ordinem
621 3147 688 3190 eis
721 3147 1049 3191 contulerunt.
1085 3145 1212 3191 Vide
1246 3145 1304 3188 ad
1338 3145 1514 3189 calcem
1551 3145 1694 3202 hujus
1728 3146 1840 3190 libri
1863 3162 2120 3192 excursum
2145 3149 2200 3192 1¹¹²
2239 3166 2250 3193 ε

195 3217 249 3261 de
281 3216 509 3262 Diaconis
541 3219 581 3259 et
613 3215 926 3260 Diaconissis.

256 3287 295 3332 7.
318 3285 530 3330 VERBUM
554 3297 726 3329 nomm
749 3296 1026 3336 causemur,
1049 3289 1308 3342 postquam
1331 3297 1503 3338 nempe
1527 3284 1780 3328 concordia
1802 3285 1930 3328 inter
1952 3284 2244 3331 christianos

194 3356 334 3413 plene
385 3355 616 3398 restituta
666 3361 806 3405 esset,
852 3354 1295 3410 Apostolorumque
1338 3352 1618 3409 praedicatio
1658 3369 1742 3409 per
1788 3355 2026 3400 Diaconos
2073 3369 2240 3400 recens

191 3425 484 3471 constitutos
525 3424 710 3468 facilior
749 3430 797 3468 et
835 3423 1067 3468 efficacior
1105 3423 1230 3467 facta
1265 3422 1452 3466 fuisset.
1497 3447 1551 3454 -—
1591 3423 1871 3469 Ossamassss
1909 3437 2057 3477 rmm,
2091 3424 2240 3470 dictio

189 3495 636 3554 significantissima
675 3510 763 3550 pro
791 3494 934 3550 fidem
971 3492 1334 3551 amplectebatur
1364 3493 1524 3547 (Rom.
1567 3494 1608 3546 I,
1650 3497 1695 3551 5)
1733 3514 1744 3542 ς
1783 3495 1904 3541 fides
1950 3497 2079 3540 enim
2120 3501 2235 3541 ante

186 3569 347 3618 omnia
367 3567 645 3620 voluntatiS‚
669 3567 831 3625 potius
854 3581 999 3625 quam
1029 3566 1320 3620 intellectus,
1345 3577 1486 3611 actus
1515 3573 1610 3612 est.
1931 3574 1939 3581 ·
