2430 4030
636 318 828 355 PAutus
868 318 1044 354 ooaAM
1083 316 1263 353 samos
1305 317 1363 352 ss
1405 316 1686 352 DEFOENDIT.
2081 304 2186 356 237

147 459 203 506 et
224 455 623 523 apprehensum
650 451 916 505 voluimus
936 451 1231 502 secundum
1255 451 1434 518 legem
1462 455 1704 502 nostram
1726 450 1997 518 judicare.
2021 456 2054 493 ²¹<
2081 452 2185 504 Su·
2210 449 2236 492 7

143 539 471 607 perveniens
513 544 694 588 autem
741 535 993 586 tribunus
1039 535 1228 602 Lysias
1268 552 1392 585 cum
1419 534 1475 588 vi
1503 521 1705 602 m⁶agna
1732 534 1934 603 eripuit
1964 553 2087 587 eum
2118 535 2186 587 de

148 620 399 671 manibus
440 619 657 681 nostriS,
689 617 946 686 *jubens
987 622 1330 670 accusatores
1372 616 1490 684 ejus
1535 616 1603 667 ad
1644 622 1700 667 te
1742 618 1966 669 venire:
2010 637 2040 668 a
2082 636 2187 687 quo
2212 623 2239 663 8

144 700 350 772 poteris
379 703 494 771 ipse
517 702 790 771 judicans,
821 700 888 752 de
918 701 1171 752 omnibus
1212 700 1331 751 istis
1371 717 1726 770 cognoscere,
1758 701 1823 751 de
1853 702 2058 770 quibus
2088 721 2188 754 nos

144 806 460 840 accusamus
505 805 644 839 eum.
691 790 723 827 ³¹<
768 785 1104 853 Adjecerunt
1142 790 1326 836 autem
1363 790 1419 836 et
1447 785 1648 848 Jndaei,
1683 785 1934 838 dicentes
1966 787 2083 839 haec
2113 786 2189 839 ita
2213 786 2240 826 9

152 888 210 922 se
238 871 458 922 habere.

218 958 251 994 ³¹<
279 951 587 1021 Respondit
614 956 798 1002 autem
838 950 1035 1002 Paulus
1070 950 1368 1017 (annuente
1403 949 1508 1001 sibi
1552 950 1791 1003 praeside
1822 950 2025 1019 dicere)
2059 972 2070 1003 ι
2101 952 2186 1004 Ex
2215 957 2269 997 10

149 1035 333 1086 multis
376 1034 532 1085 annis
581 1039 633 1084 te
679 1051 798 1085 esse
837 1032 1080 1101 judicem
1116 1032 1274 1100 genti
1309 1032 1433 1083 huic
1464 1032 1663 1096 scienS,
1704 1033 1850 1084 bono
1878 1035 2060 1086 animo
2089 1053 2188 1104 pro

150 1139 234 1172 me
280 1119 627 1172 satisfaciam.
681 1122 712 1159 >¹<
763 1119 925 1170 Potes
971 1117 1117 1169 enim
1166 1134 1499 1186 cognoscere
1553 1118 1678 1186 quia
1723 1137 1832 1170 non
1885 1120 2010 1189 plus
2060 1125 2191 1173 sunt
2217 1123 2289 1164 11.

150 1297 337 1341 sabant.
380 1321 436 1328 —-
478 1298 719 1341 JUDICARE
758 1309 768 1339 :
808 1296 995 1340 Judaeis
1032 1295 1203 1340 licebat
1240 1294 1434 1352 quidem
1471 1295 1731 1340 tribunalia
1775 1297 1975 1353 erigere,
2013 1296 2192 1353 judicia

152 1383 369 1412 exercere
397 1372 444 1412 et
468 1367 640 1423 capitis
663 1366 891 1410 damnare
924 1365 974 1408 in
1009 1379 1059 1408 re
1092 1365 1349 1420 religiosa:
1376 1370 1424 1408 at
1449 1379 1563 1408 vero
1588 1365 1830 1410 sententia
1862 1366 2193 1410 confirmanda

152 1443 200 1481 et
234 1435 523 1493 perficienda
556 1440 657 1478 erat
693 1449 720 1477 a
755 1433 975 1490 praeside,
1010 1448 1094 1477 seu
1131 1434 1444 1477 procuratore
1477 1434 1710 1478 Romano.
1740 1435 1808 1479 Of.
1839 1435 2012 1481 Gomm.
2036 1441 2190 1480 nostr.

155 1521 189 1549 s.
217 1505 404 1558 Mattlz„
428 1505 472 1548 3⁶
494 1505 563 1549 ed.
591 1520 635 1559 p.
671 1504 754 1547 119
788 1511 835 1547 et
869 1503 999 1554 1096,
1033 1503 1113 1546 ubi
1148 1503 1205 1546 de
1232 1502 1342 1559 jure
1375 1503 1522 1558 gladii
1557 1503 1742 1548 Judaeis
1777 1511 1942 1561 erepto
1976 1505 2192 1562 disputa-

156 1588 330 1618 vlmus.

219 1646 260 1688 7.
293 1642 499 1685 Empmm
523 1660 531 1684 ε
556 1641 716 1683 innuit,
747 1640 1031 1684 Judaeorum
1060 1640 1154 1697 jus,
1187 1640 1272 1683 hac
1307 1640 1355 1682 in
1388 1653 1452 1691 re,
1487 1641 1636 1683 fuisse
1670 1642 1839 1689 laesum
1867 1657 1996 1687 :non
2030 1647 2192 1687 autem

160 1713 282 1757 dicit
321 1712 514 1756 Paulum
550 1726 636 1767 per
669 1711 936 1754 tumultum
970 1710 1282 1754 occidendum
1314 1710 1465 1753 fuisse
1489 1710 1581 1754 nisi
1609 1711 1780 1768 Lysias
1809 1714 2192 1769 supervenisset.

217 1782 258 1824 8.
286 1782 360 1825 AD
393 1794 447 1824 ΤΕ
480 1794 666 1824 VENIRE.
702 1780 760 1823 In
793 1780 929 1824 codd.
966 1779 1144 1824 ABGH
1178 1785 1225 1823 et
1261 1778 1446 1831 sinain„
1479 1781 1527 1823 in
1562 1776 1784 1836 plurimis
1819 1783 2120 1834 minusculis,
2144 1783 2194 1826 in

159 1863 310 1895 verss.
346 1856 467 1906 copt.
504 1857 552 1893 et
586 1849 755 1900 sahid.,
790 1850 885 1892 imo
919 1863 1032 1893 vero
1064 1850 1112 1891 in
1146 1848 1432 1904 quibusdam
1469 1849 1713 1893 codicibus
1750 1851 1994 1907 Vulgatae,
2034 1867 2078 1896 v.
2120 1852 2195 1896 6-8

159 1923 339 1979 legitur
363 1921 661 1965 solummodo
680 1939 688 1964 :
709 1920 788 1977 qui
809 1920 950 1963 etiam
973 1919 1190 1975 templum
1216 1923 1405 1963 conatus
1423 1925 1485 1964 est
1507 1921 1692 1972 violare,
1712 1936 1843 1978 quem
1870 1923 2008 1965 etiam
2034 1937 2196 1979 appre-

159 1991 417 2041 hendimus,
443 2004 472 2033 a
498 2004 584 2047 quo
605 1989 775 2047 poteris
797 1989 1131 2045 ipsejudicans
1164 1994 1272 2038 etc.;
1307 1989 1423 2031 adeo
1459 1994 1510 2032 ut
1545 1990 1671 2032 haud
1707 2005 1855 2046 pauca
1890 1993 2197 2042 omittantur,

159 2076 266 2118 quae
288 2063 335 2104 in
361 2066 526 2104 nostra
552 2059 778 2114 Vulgatae
812 2059 1019 2102 editione
1055 2058 1309 2100 habentur.
1348 2059 1448 2102 Ista
1482 2065 1643 2103 tamen
1680 2061 1912 2116 leguntur
1938 2063 1986 2103 in
2013 2061 2115 2104 cod.
2140 2060 2198 2112 E,

156 2131 206 2174 in
232 2130 478 2174 nonnullis
500 2129 635 2173 codd.
663 2128 906 2185 Vulgatae,
932 2130 982 2171 in
1017 2142 1140 2172 vers.
1169 2143 1264 2185 syr.
1294 2137 1513 2185 utraque,
1541 2135 1588 2173 et
1611 2130 1803 2185 aethiop.
1833 2131 1968 2183 (fere)
1997 2135 2048 2175 et
2069 2130 2199 2186 apud

156 2217 194 2246 s.
219 2202 411 2258 Chrys„
432 2199 660 2255 Theoph„
689 2199 877 2242 OEcum.
903 2208 988 2243 etc.
1015 2199 1077 2242 Et
1099 2204 1324 2242 contexta
1349 2199 1543 2256 quidem
1579 2201 1731 2244 oratio
1756 2201 1878 2245 hanc
1901 2202 2198 2246 additionem

153 2274 400 2330 postulare
422 2272 631 2323 videtur,
655 2272 815 2327 inquit
849 2272 922 2315 111.
953 2273 1142 2322 Beelen,
1169 2283 1420 2327 propterea
1453 2273 1598 2329 quod,
1623 2274 1663 2316 si
1699 2274 1844 2316 verba
1878 2274 2147 2324 deleantur,
2171 2288 2201 2316 a

154 2357 240 2401 quo
279 2340 584 2386 referendum
625 2341 687 2384 sit
725 2340 785 2384 ad
828 2341 1044 2392 Paulum,
1083 2341 1221 2397 quasi
1263 2341 1415 2396 ipsius
1450 2342 1516 2384 rei
1552 2342 1887 2386 testimonium
1923 2344 2201 2386 invocasset

104 2466 107 2467 ⁷
155 2418 420 2462 accusator,
457 2411 585 2468 quod
620 2412 880 2455 verisimile
915 2426 1009 2454 non
1043 2417 1131 2454 est.
1171 2411 1272 2454 Hoc
1304 2417 1464 2453 autem
1497 2420 1844 2466 argumentum
1879 2413 2075 2455 firmum
2103 2426 2200 2456 non

155 2487 246 2533 est,
272 2495 420 2538 quum
449 2479 698 2523 Tertullus
722 2480 848 2524 dicat
866 2485 1054 2523 tantum
1069 2479 1281 2535 judicem
1302 2494 1443 2534 posse
1462 2482 1716 2524 veritatem
1735 2482 1971 2525 factorum
1994 2483 2199 2526 istorum

158 2552 348 2608 plenius
373 2550 558 2594 discere
582 2564 635 2592 ex
659 2564 740 2592 reo
766 2550 1086 2606 interrogat03
1112 2550 1247 2606 quasi
1281 2549 1369 2593 hoc
1403 2549 1490 2592 sibi
1532 2551 1649 2595 velit
1676 2570 1684 2594 :
1712 2552 1918 2607 ipsemet
1943 2566 2055 2595 reus
2078 2551 2202 2595 facta

156 2623 254 2665 ista
276 2620 532 2664 manifesta
557 2634 733 2676 negare
768 2634 861 2663 non
895 2619 1106 2663 audebit.
1142 2622 1391 2671 Praeterea,
1417 2620 1456 2663 si
1490 2635 1518 2662 α
1553 2635 1640 2678 quo
1675 2622 1880 2665 refertur
1903 2621 1964 2664 ad
1992 2621 2202 2678 Lysiam,

159 2704 261 2733 eum
283 2689 428 2733 etiam
455 2689 516 2732 ad
542 2689 699 2744 ipsum
727 2689 895 2731 referri
923 2689 1134 2733 deberet.
1160 2689 1274 2733 Ideo
1302 2689 1507 2746 Bisping
1530 2691 1678 2734 verba
1712 2691 1792 2734 illa
1825 2690 1970 2734 habet
1994 2700 2047 2735 ut
2074 2690 2200 2746 glos-

158 2772 290 2803 sema
317 2758 403 2812 (ita
429 2758 573 2801 etiam
599 2756 928 2812 *Tischend.).

226 2828 297 2871 10.
331 2827 407 2870 Ex
439 2838 607 2870 MUL'ns
639 2838 776 2869 ANNIS
809 2834 896 2870 etc.
932 2845 940 2870 :
974 2827 1126 2882 igitur
1159 2826 1256 2870 scio
1290 2841 1444 2871 mores
1482 2827 1766 2872 Judaeorum
1800 2828 1890 2872 tibi
1925 2828 2067 2885 plane
2099 2842 2202 2884 per-

159 2903 353 2953 spectos
379 2910 498 2948 esse,
523 2902 572 2939 et
593 2895 794 2951 proinde
818 2904 865 2940 te
891 2910 986 2940 non
1008 2897 1157 2939 latere
1179 2895 1296 2953 quid
1319 2910 1472 2951 genus
1498 2897 1749 2940 hominurn
1775 2898 1874 2940 sint
1899 2903 2204 2942 accusatores

138 2966 277 3019 vmei;
303 2965 423 3010 tales
449 2964 679 3007 nimirum
707 2965 790 3020 qui
813 2965 995 3008 nullam
1021 2969 1297 3008 mereantur
1323 2964 1482 3016 fidem,
1508 2966 1783 3021 praesertim
1807 2965 1859 3007 in
1885 2965 2018 3008 hisce
2041 2980 2202 3010 rerum

159 3034 422 3092 adjunctis.
447 3033 555 3077 Jam
579 3047 606 3076 a
632 3047 712 3076 sex
737 3033 876 3077 annis
902 3035 986 3087 (sc.
1007 3033 1066 3076 ab
1085 3048 1125 3076 a.
1145 3032 1219 3086 52)
1247 3034 1530 3077 Procurator
1554 3034 1740 3078 Judaeae
1765 3038 1868 3078 erat
1894 3034 2056 3078 Felix:
2078 3036 2206 3091 quod

162 3103 356 3161 quidem
386 3101 619 3158 temporis
647 3103 860 3158 spatium
894 3105 1012 3147 satis
1046 3109 1122 3146 est
1154 3103 1457 3152 diuturnum,
1482 3102 1646 3146 habita
1678 3104 1866 3147 ratione
1903 3103 2158 3159 regiminis
2180 3118 2207 3147 a

165 3172 564 3216 Procuratoribus
589 3173 876 3228 plerumque
902 3173 1042 3227 gesti.
1067 3196 1122 3202 —
1147 3172 1278 3215 Bono
1310 3184 1462 3215 ANIMO
1486 3184 1572 3215 PRO
1595 3185 1660 3214 ME
1684 3185 2004 3224 SATISFACIAM,
2031 3186 2079 3216 eo
2102 3186 2207 3216 con-

151 3241 376 3298 fidentius
401 3255 592 3284 causam
613 3255 762 3284 meam
785 3241 974 3297 defendo
1003 3241 1221 3294 (verbum
1255 3248 1329 3284 est
1362 3241 1618 3297 praesentis
1659 3241 1892 3297 temporis
1928 3242 1978 3284 in
2013 3243 2206 3297 graeco).

165 3310 290 3354 Dum
315 3318 478 3354 autem
501 3310 620 3354 dicit
643 3324 694 3353 se
718 3310 866 3353 fidere
885 3310 1037 3366 judici
1072 3324 1174 3361 suo,
1203 3315 1449 3367 tamquam
1483 3310 1667 3354 homini
1700 3310 1860 3354 omnia
1894 3310 1984 3354 rite
2021 3310 2206 3362 edocto,

163 3378 308 3422 simul
333 3379 539 3421 innuens
565 3392 674 3422 eum
700 3393 892 3436 aequum
915 3393 1035 3429 esse,
1061 3377 1282 3421 eumdem
1318 3377 1551 3422 indirecte
1575 3378 1756 3430 laudat,
1779 3379 1978 3435 ejusque
2000 3378 2206 3423 benevo-

162 3447 362 3492 lentiam
386 3447 538 3491 multa
561 3461 669 3490 cum
692 3456 796 3491 arte
817 3453 994 3504 captat,
1019 3447 1204 3504 absque
1227 3447 1329 3491 ulla
1351 3455 1513 3491 tamen
1538 3447 1830 3492 adulatione.

225 3516 296 3560 11.
318 3515 442 3562 Vide
461 3516 696 3572 analysim
727 3517 867 3561 initio
899 3516 1045 3574 hujus
1077 3517 1265 3573 capitis,
1303 3516 1519 3560 Primum
1555 3517 1711 3562 tradit
1743 3522 2084 3573 argumentum
2109 3530 2205 3573 quo

164 3598 299 3629 suam
330 3584 630 3628 demonstret
661 3586 1018 3630 innocentiam:
1047 3585 1291 3642 probabile
1325 3599 1420 3629 non
1455 3599 1562 3630 esse
1596 3586 1893 3632 seditionem
1928 3592 2026 3629 tam
2066 3585 2222 3630 brevi‘
