2430 4030
666 695 1525 769 PRAEFATIO.

151 1121 214 1172 In
258 1121 472 1174 edendo
514 1129 669 1175 textu
714 1123 975 1192 Vulgafae
1015 1145 1220 1179 memor
1257 1129 1333 1179 fui
1374 1130 1582 1182 decreti
1626 1132 1918 1186 Clementis
1945 1135 2108 1200 VIII,

73 1215 162 1267 die
206 1217 238 1267 9
285 1216 427 1269 Nov.
473 1218 632 1282 1592,
674 1236 781 1288 quo
825 1221 1205 1289 praescribitur
1253 1242 1271 1267 c<
1324 1223 1389 1274 Ut
1429 1242 1577 1276 nemo
1614 1244 1886 1278 sacrarum
1929 1229 2108 1299 Scrip-

85 1329 102 1354 ε
146 1314 391 1361 tui-arum
432 1310 715 1363 editionem
763 1313 902 1381 typis
952 1314 1208 1366 mandare
1245 1323 1559 1383 praesumat,
1598 1319 1711 1370 nisi
1748 1319 1924 1372 habito
1954 1323 2111 1390 prius

83 1421 100 1446 2<
143 1402 436 1471 eoeemplari
482 1404 542 1455 in
589 1406 954 1475 typoqraphia
1005 1407 1268 1459 Vaticana
1311 1427 1488 1460 ewcuso
1540 1432 1554 1461 .·
1604 1412 1750 1479 cujus
1798 1415 2111 1483 exemplaris

80 1514 100 1539 α
128 1496 338 1562 forma,
381 1514 444 1547 ‘ne
490 1498 721 1549 minima
769 1499 983 1567 quidem
1018 1500 1296 1568 particula
1343 1502 1403 1552 de
1447 1508 1588 1554 ἐρωήν,
1631 1509 1854 1569 mutata,
1900 1507 2110 1573 addita,

80 1605 103 1632 «
142 1585 223 1637 vel
275 1587 342 1638 ab
396 1607 451 1640 eo
504 1591 761 1654 detracta,
814 1592 927 1642 nisi
981 1592 1191 1662 aliquid
1246 1599 1488 1645 occurrat
1540 1595 1674 1664 quod
1726 1599 2110 1667 {ypoqraphicoe

81 1699 101 1725 ‹
143 1681 368 1735 incuriae
413 1685 695 1753 manifeste
735 1685 1146 1738 adscribendum
1184 1687 1271 1751 sit,
1310 1688 1695 1740 inviolabiliter
1731 1691 2039 1745 observetur.
2079 1713 2101 1741 »

71 1772 208 1828 Ideo
248 1784 564 1844 constanter
592 1797 771 1831 coram
802 1779 974 1831 oculis
1013 1780 1180 1831 habui
1218 1782 1494 1850 exemplar
1534 1783 1790 1835 editionis
1831 1783 2109 1837 Vaticanae

71 1891 120 1924 a.
152 1871 310 1935 1598,
339 1871 584 1941 illudque
611 1872 928 1924 fidelissime
957 1879 1178 1924 secutus
1206 1891 1345 1925 sum.
1376 1873 1593 1926 Contuli
1621 1876 1782 1927 etiam
1810 1875 2105 1929 editionem

73 1967 560 2030 accuratissimam,
627 1986 786 2037 quam
853 1986 900 2018 a.
974 1970 1136 2031 1861,
1198 1969 1450 2037 typisis.
1520 1969 1975 2039 Congregationis
2041 1971 2106 2022 de

74 2058 439 2130 Propaganda
489 2061 616 2125 fide,
675 2062 859 2115 Romae
910 2062 1162 2130 vulgavit
1215 2062 1562 2114 doctissimus
1618 2063 1677 2114 P.
1734 2063 2102 2128 mnemon,

73 2152 392 2205 Barnabita.
587 2135 593 2139 ι
1956 2144 1963 2151 ’

143 2245 207 2296 In
263 2246 365 2298 hoc
417 2252 600 2298 autem
654 2246 723 2297 ab
776 2246 975 2299 edendi
1027 2247 1238 2299 ratione
1293 2247 1515 2316 hujusce
1563 2249 1663 2300 viri
1709 2249 2104 2317 praeclarissimi

67 2339 287 2401 recessi,
343 2340 486 2408 quod
539 2357 718 2409 neque
771 2347 1140 2410 opportunum
1210 2359 1386 2410 neque
1431 2342 1733 2409 jucundum
1797 2342 2102 2410 putaverim

12 2460 35 2478 ο
67 2431 316 2501 singulos
357 2432 654 2484 versiculos
695 2453 725 2484 a
766 2453 823 2486 se
865 2435 1094 2486 invicem
1135 2453 1407 2503 separare,
1451 2441 1505 2486 et
1546 2455 1576 2486 a
1617 2435 1860 2503 margine
1889 2435 2101 2496 ducere,

66 2524 242 2594 prima
294 2525 453 2576 litera
507 2526 808 2595 majuscula
860 2527 1048 2590 facta,
1099 2545 1163 2578 eo
1216 2529 1298 2579 vel
1355 2527 1548 2595 magis,
1605 2527 1750 2596 quod
1804 2527 1856 2576 in
1911 2525 2102 2576 Bibliis

65 2617 349 2670 Vaticanis
391 2619 693 2671 versiculus
734 2620 874 2671 alter
908 2620 1069 2671 alteri
1109 2621 1456 2672 continenter
1492 2619 1842 2688 adjungatur,
1870 2619 2100 2670 stellulis

65 2710 122 2761 in
164 2715 325 2762 textu
369 2712 438 2763 ad
484 2712 703 2764 initium
749 2731 1004 2766 versuum
1050 2718 1107 2764 et
1151 2712 1391 2763 numeris
1439 2713 1494 2762 in
1548 2712 1794 2781 margine
1845 2711 2038 2779 positis
2086 2731 2097 2762 ε

66 2821 227 2873 quam
257 2805 478 2874 quidem
509 2824 752 2858 normam
794 2806 999 2858 imitari
1027 2812 1082 2857 et
1110 2806 1364 2874 religioni
1406 2805 1566 2856 habui
1595 2810 1650 2855 et
1679 2805 1808 2855 utile
1839 2803 2097 2871 judicavi.

0 2902 15 2959 J
55 2887 153 2948 'Ex
198 2897 302 2950 hoc
345 2899 491 2950 enim
544 2899 894 2968 imprimendi
948 2900 1108 2951 modo
1165 2898 1418 2967 Vulgatae
1472 2898 1837 2965 intelligentia
1890 2895 2099 2947 facilior

66 2990 144 3054 fit,
189 2997 346 3047 teste*
375 2993 483 3045 ILL.
531 2994 750 3046 BmuLnN
800 2994 896 3061 (l).
944 2993 1326 3058 Quamobrem,
1376 2992 1443 3042 ad
1491 2991 1796 3059 exemplum
1842 2989 2096 3040 editionis

6 3089 18 3094 “
62 3083 324 3138 Romanae
365 3087 696 3142 authenticae
745 3087 1040 3139 versiculos
1089 3087 1381 3154 conjunxi3
1437 3086 1542 3135 nisi
1589 3083 1735 3152 quod
1777 3081 2097 3142 identidem,

0 3150 52 3270 ξ
62 3177 160 3230 ubi
205 3195 398 3231 sensus
443 3179 502 3231 id
550 3181 827 3250 requirere
872 3180 1180 3242 videbatur,
1229 3179 1423 3229 lineam
1471 3196 1502 3228 a
1549 3175 1792 3244 margine
1838 3174 1989 3236 duxi,
2035 3180 2096 3223 ut

0 3292 48 3350 «Γ
48 3269 295 3343 majores
338 3273 602 3342 quasdam
647 3274 703 3325 in
751 3273 988 3343 singulis
1030 3272 1302 3342 capitibus
1352 3271 1748 3338 distinguerem
1796 3267 2092 3336 pericopae.

0 3362 136 3439 {4131
181 3364 285 3417 hac
333 3372 520 3419 autem
574 3367 834 3438 Vulgatae
887 3367 1249 3436 dispositione
1313 3364 1550 3432 vestigia
1603 3379 1799 3430 sequor
1851 3359 2091 3428 ejusdem

4 3472 34 3519 ,Γ;-
30 3443 309 3547 auctoris
350 3460 750 3514 ltnus'rmsfflm
797 3480 861 3514 ac
915 3462 1231 3512 Docr1ss1M1
1286 3459 1520 3522 Beuum,
1575 3473 1734 3526 quem
1787 3453 2090 3506 studiorum

6 3572 113 3667 2:545
115 3592 189 3654 (1)
218 3592 428 3668 Bagam,
463 3596 769 3656 Grondreqels
788 3611 890 3643 enz.
916 3597 1064 3643 Leuv.
1089 3595 1219 3641 1858.
1244 3595 1263 3639 1
1291 3593 1455 3651 Regel.
