2430 4030
208 343 277 394 34
695 353 1047 389 IN'PRODUCTio
1091 352 1148 387 IN
1187 352 1351 388 Acrus
1390 352 1782 389 APosToLORUM.

135 518 143 526 -
208 488 300 539 alii
347 488 547 539 librum
592 485 745 537 illum
795 486 1114 554 Evangeliis
1157 485 1482 554 adjungant.
1526 484 1714 537 Codex
1755 486 2060 554 posteriore
2100 490 2263 537 aetate

210 590 241 622 a
276 571 545 640 pluribus,
584 570 778 620 saltem
815 589 844 618 a
885 574 1116 637 septem,
1164 568 1408 620 vicissim
1451 574 1730 620 correctus
1777 569 1898 620 fuit.

287 655 518 706 Codices
565 660 748 704 autem
798 652 1099 704 Vaticanus
1147 658 1203 703 et
1252 653 1569 716 Sinaiticus,
1620 654 1713 722 qui
1756 653 1918 705 ambo
1963 671 2032 704 ex
2074 651 2264 703 eodem

210 741 676 806 promanaverunt
721 734 891 799 fonte,
946 735 1150 803 quique
1206 734 1312 785 sibi
1368 741 1557 786 mutuo
1610 735 1775 786 fidem
1826 736 2057 798 faciunt,
2105 739 2161 786 et
2208 752 2265 786 se

213 820 450 871 invicem
489 817 784 886 complent,
829 817 1025 867 summi
1066 816 1231 884 pretii
1273 823 1420 868 sunt.
1465 817 1746 885 Imprimis
1789 819 1934 868 enim
1965 822 2265 881 testantur,

212 909 458 972 tempore
500 921 606 971 quo
642 903 1030 972 primigenium
1066 919 1253 952 eorum
1283 902 1580 970 exemplar,
1611 903 1756 971 quod
1802 903 2057 955 librarius
2084 921 2263 954 coram

211 987 384 1039 oculis
430 985 688 1048 habebat,
744 986 1010 1053 scriptum
1058 985 1163 1035 fuit
1212 984 1418 1050 (seculo
1465 984 1557 1034 ΙΙΙ
1603 985 1690 1037 vel
1737 986 1895 1053 plane
1946 986 2051 1052 ΙΙ),
2095 986 2266 1036 libros

212 1077 432 1123 nostros
471 1071 598 1122 novi
636 1070 786 1121 Test.
829 1088 1019 1121 omnes
1063 1075 1118 1120 et
1155 1070 1403 1138 integros
1438 1068 1553 1137 jam
1597 1070 1914 1135 exstitisse3
1961 1070 2090 1121 hinc
2131 1088 2267 1120 vana

212 1173 331 1207 esse
379 1154 565 1217 dubia,
617 1172 737 1222 quae
782 1153 1163 1204 recentissima
1209 1158 1371 1204 aetate
1421 1153 1489 1203 de
1537 1171 1722 1204 eorum
1771 1154 2059 1204 authentia
2102 1159 2267 1222 atque

212 1238 538 1306 integritate
592 1236 817 1304 sceptici
875 1254 936 1286 ac
992 1235 1350 1286 rationalistae
1404 1243 1713 1287 moverunt.
1783 1236 2035 1306 Uterque
2103 1237 2264 1287 etiam

212 1320 388 1372 codex
442 1319 818 1387 praestantiam
874 1317 1132 1386 Vulgatae
1185 1325 1388 1369 nostrae
1441 1318 1841 1382 demonstrat;
1912 1326 2078 1387 atque
2132 1319 2269 1370 adeo

215 1405 392 1455 versio
438 1403 529 1452 illa
576 1420 638 1453 eo
684 1402 883 1453 clarius
929 1402 1123 1462 elucet,
1177 1419 1283 1470 quo
1330 1402 1488 1470 plura
1521 1403 1871 1471 antiquitatis
1913 1410 2270 1455 monumenta

213 1489 552 1556 deteguntur
592 1492 648 1536 et
688 1487 996 1536 accuratius
1030 1486 1456 1553 perlustrantur.

285 1573 341 1622 4⁰
379 1570 547 1622 Codew
591 1569 647 1633 G,
692 1569 979 1621 Parisinus
1019 1569 1106 1620 vel
1146 1570 1341 1637 φερέτω,
1384 1571 1435 1620 ἰῐ]
1474 1571 1811 1623 bibliotheca
1850 1573 2070 1641 publica
2121 1573 2267 1624 Pari-

214 1655 379 1706 siensi
433 1660 765 1704 asservatus.
823 1651 1068 1702 Vocatur
1121 1653 1284 1702 etiam
1341 1653 1619 1722 Ephrcemi
1672 1653 1800 1722 Syri
1846 1656 2132 1724 ‘rescriptvs
2175 1673 2269 1706 seu

209 1737 612 1807 palimpsestus,
643 1735 768 1804 quia
797 1734 897 1784 sub
927 1735 1203 1797 opusculis
1233 1752 1275 1784 s.
1307 1734 1586 1803 Ephraemi
1614 1735 1823 1788 latebat
1855 1737 1953 1804 (l).
1987 1738 2270 1806 Scriptura

216 1826 301 1872 est
329 1819 606 1879 continua,
645 1817 965 1868 accentibus
1008 1816 1405 1886 spiritibusque
1448 1836 1658 1882 carenS,
1689 1820 1785 1870 sed
1815 1821 2269 1890 interpunctioni-

218 1904 320 1956 bus
372 1902 652 1963 distincta,
698 1899 867 1951 videl.
912 1917 1008 1968 per
1060 1907 1328 1967 punctum
1386 1900 1604 1954 diverso
1653 1903 1813 1954 modo
1866 1905 2128 1971 positum,
2182 1904 2270 1955 cui

219 1986 389 2038 serior
420 2002 610 2034 manus
640 2000 854 2034 crucem
886 1982 1163 2051 plerisque
1192 1984 1247 2033 in
1279 1984 1411 2035 locis
1441 2004 1674 2053 superne
1703 1986 1934 2037 addidit.
1969 1987 2270 2049 Sectiones,

219 2067 471 2119 versibus
509 2067 711 2117 nostris
748 2072 802 2116 et
839 2066 1126 2133 partitioni
1167 2066 1369 2118 codicis
1405 2070 1454 2119 A
1497 2070 1721 2133 similes,
1764 2069 2061 2136 majoribus
2098 2070 2272 2121 literis

223 2151 572 2201 inchoantur.
615 2148 792 2198 Multa
834 2148 1035 2197 desunt
1071 2148 1127 2198 in
1169 2149 1357 2200 codice
1403 2149 1463 2213 C,
1504 2152 1639 2201 adeo
1685 2151 1904 2220 quidem
1950 2158 2010 2202 ut
2053 2151 2270 2203 nonnisi

223 2235 534 2303 fragmenta
599 2233 836 2282 Actuum
903 2231 1227 2283 habeantur.
1302 2235 1442 2284 Ante
1509 2235 1747 2286 medium
1813 2236 2055 2287 seculum
2112 2235 2162 2282 V
2214 2235 2270 2285 in

220 2315 473 2385 AEgypto
528 2316 768 2384 scriptus
824 2313 1080 2378 videtum
1137 2315 1336 2366 deinde
1404 2335 1511 2367 uno
1577 2319 1687 2369 fere
1754 2319 1937 2369 seculo
2002 2325 2127 2387 post
2197 2318 2272 2384 (in

226 2400 518 2451 Palaestina
547 2398 590 2466 ΣΡ)
651 2407 927 2450 correctus
986 2398 1273 2464 (correctio
1328 2400 1528 2450 citatur
1582 2402 1682 2452 hoc
1731 2402 1892 2469 signo
1943 2401 2076 2464 C**‚
2129 2401 2272 2470 quod
2340 2442 2343 2445 .

223 2483 497 2553 significat
563 2482 788 2533 codicem
846 2481 886 2532 O
937 2480 1168 2531 secunda
1234 2486 1468 2549 manu);
1539 2485 1735 2535 iterum
1802 2503 1929 2535 vero
1995 2491 2275 2535 correctus

228 2565 709 2633 Constantinopoli
738 2564 920 2615 seculo
960 2564 1073 2615 fere
1116 2583 1259 2615 nono
1305 2564 1527 2633 (Cssssss).
1577 2567 1857 2618 peculiare
1899 2568 2030 2636 quid
2076 2567 2129 2617 in
2175 2566 2276 2618 hoc

224 2650 428 2712 codice,
482 2651 941 2718 quemadmodum
1000 2650 1053 2699 in
1110 2650 1297 2702 codice
1349 2652 1416 2715 D,
1465 2652 1531 2702 de
1576 2670 1683 2721 quo
1728 2653 1915 2703 statim
1971 2653 2275 2720 loquemur,

224 2734 496 2802 reperitur
554 2755 563 2785 :
622 2734 879 2785 nimirum
932 2733 988 2784 in
1054 2735 1229 2785 Actus
1297 2735 1687 2804 Apostolorum
1755 2735 1927 2786 multa
1992 2734 2276 2803 irrepsisse

224 2817 598 2868 additamenta
642 2836 739 2869 seu
782 2818 1135 2886 glossemata,
1181 2819 1249 2869 de
1294 2819 1494 2888 quibus
1531 2819 1650 2871 fuse
1693 2820 1997 2888 disputavit
2033 2817 2276 2869 Kuivzb'l

231 2901 393 2967 (auct.
447 2901 706 2970 Protest.)
760 2902 814 2951 in
861 2902 977 2952 Act.
1021 2901 1122 2970 Ap.
1174 2903 1201 2971 ᾧ
1245 2903 1323 2970 2„
2315 2893 2323 2899 ’

693 3054 771 3105 ΙΙ.
817 3054 1043 3107 Conicns
1086 3044 1343 3107 uncinus
1384 3070 1810 3107 sricnomnrfflffl.

306 3190 355 3237 1⁰
412 3187 582 3239 Godeoe
636 3188 706 3252 D,
764 3188 1251 3258 Cantabriqiensz’S,
1297 3189 1717 3259 graeco-latinus
1767 3187 1855 3254 (ad
1904 3187 2050 3238 latus
2095 3191 2279 3237 textus

229 3270 397 3335 graeci
443 3270 622 3337 posita
667 3277 751 3322 est
798 3273 975 3323 versio
1022 3273 1192 3323 latina
1233 3266 1821 3341 antehieronymiana).
1874 3270 2157 3338 Scriptura
2197 3275 2282 3320 est

290 3419 352 3472 (1)
387 3417 566 3462 Textus
605 3419 719 3463 novi
758 3419 1074 3474 Testamenti,
1116 3422 1175 3466 ob
1209 3422 1474 3466 obsoletam
1509 3419 1766 3476 scripturae
1799 3419 2019 3469 formam,
2043 3413 2281 3460 abluendo

227 3488 303 3533 vel
326 3487 538 3532 radendo
562 3488 750 3533 deletus
775 3491 890 3534 olim
913 3491 1086 3543 fuerat,
1113 3497 1162 3536 et
1185 3507 1222 3535 s.
1251 3491 1499 3547 Ephraemi
1521 3504 1666 3545 opera
1692 3489 2027 3545 superscripta
2058 3486 2280 3529 fuerant:

227 3557 468 3604 vetustior
494 3564 656 3600 autem
683 3559 928 3614 scriptura
951 3560 1244 3604 membranae
1268 3560 1364 3604 alte
1388 3559 1532 3603 infixa
1556 3559 1710 3602 serius
1735 3557 1949 3608 emicuit,
1973 3561 2020 3600 et
2049 3551 2282 3599 subsidiis

228 3625 454 3672 chemicis
486 3625 579 3669 fuit,
612 3628 856 3672 restituta.
