2430 4030
520 297 671 334 sAum
711 295 1011 334 convnssslo
1061 297 1124 334 nr
1160 298 1477 335 APOSTOLch
1516 298 1756 338 VOOAT10.
2058 285 2160 338 117

219 477 247 546 ᾗ
294 474 379 528 10.
421 472 586 527 Sauli
627 472 891 525 conversio
932 476 979 523 et
1020 472 1312 542 apostoliea
1351 475 1569 535 vocatio,
1611 491 1721 527 CAP.
1764 474 1864 538 IX,
1909 475 2056 528 1-30.

12 593 46 675 }
126 659 132 664 .
180 612 570 667 Summarium.
622 611 819 664 Saulus
867 611 1192 662 Damascum
1237 611 1437 672 tendit,
1483 599 1810 662 christianos
1856 612 1931 662 ibi
1975 630 2159 680 perse-

27 714 54 768 ’ζ
99 702 334 771 ὀαῢιπιιε
380 696 452 764 (l,
496 697 576 764 2).
638 697 703 746 In
747 695 962 757 itinere,
1004 713 1102 763 per
1142 695 1521 746 miraculosam
1565 694 1701 746 Jesu
1742 695 2160 764 apparitionem,

30 833 40 841 ί
105 780 175 834 ad
199 779 363 832 fidem
405 780 747 833 convertitur
794 778 969 845 (3-7);
1013 778 1138 829 dein
1183 778 1512 830 Damascum
1555 777 1920 830 manuductus
1967 778 2040 845 (8,
2081 779 2159 846 9),

23 863 53 930 ’Ἴ
106 879 202 932 per
229 862 517 926 Ananiam,
560 879 722 928 quem
763 860 926 911 Jesus
967 860 1020 910 in
1063 860 1182 910 visu
1225 866 1514 912 monuerat
1560 860 1801 928 (lo-17),
1842 880 1873 911 a
1913 863 2162 913 caecitate

106 950 327 998 sanatur
354 949 405 996 et
435 945 749 1013 baptizatur
783 943 916 1010 (18).
944 942 1143 994 Statim
1175 941 1473 1007 Christum,
1498 944 1853 1012 stupentibus
1881 945 2160 1009 omnibus,

106 1027 365 1098 praedicat
398 1027 634 1095 (19-22).
669 1028 754 1079 Ad
784 1044 971 1078 necem
1002 1026 1284 1094 quaesitUS,
1315 1027 1533 1096 aufugit
1567 1027 1781 1094 (23-25)
1819 1028 2159 1092 Jerusalem3

107 1109 200 1163 ubi
250 1111 486 1180 primum
541 1116 830 1179 suspectus
886 1108 1118 1159 habetur
1170 1126 1201 1158 a
1254 1108 1571 1161 christianis
1643 1109 1781 1177 (26),
1848 1129 1976 1162 mox
2034 1129 2162 1164 vero

107 1194 442 1246 familiariter
483 1213 605 1246 cum
635 1195 712 1246 eis
741 1195 860 1262 agit
893 1192 1002 1259 (27,
1033 1194 1146 1260 28),
1177 1199 1231 1244 et
1259 1198 1450 1245 contra
1493 1194 1832 1244 Hellenistas
1873 1194 2122 1263 disputat
2148 1215 2158 1246 ε

109 1280 204 1334 sed
242 1281 370 1333 vitae
411 1299 524 1333 suae
564 1281 763 1332 timens
812 1279 948 1347 (29),
993 1279 1360 1349 proficiscitur
1401 1280 1628 1330 Tarsum
1677 1279 1814 1345 (30).

181 1413 214 1450 ³¹<
245 1408 439 1462 Saulus
469 1415 653 1460 autem
681 1409 859 1460 adhuc
888 1409 1101 1478 spirans
1142 1407 1413 1459 minarum
1458 1413 1512 1459 et
1552 1407 1718 1460 caedis
1759 1406 1814 1457 in
1858 1405 2163 1475 discipulos
2188 1431 2211 1470 1

86 1493 347 1558 ‘Domini,
399 1494 630 1546 accessit
676 1493 746 1544 ad
798 1492 1102 1562 principem
1157 1491 1523 1555 sacerdotum,
1577 1495 1608 1531 ³¹<
1657 1497 1714 1543 et
1758 1490 1920 1559 petiit
1974 1490 2043 1541 ab
2100 1507 2211 1558 eo2

113 1717 401 1770 adscribant,
422 1718 512 1762 hoc
538 1732 683 1761 sensu
710 1716 825 1774 gall.
846 1715 884 1759 il
908 1730 951 1759 se
973 1718 1166 1759 trouva.-
1194 1714 1250 1757 cf.
1273 1714 1465 1757 BEELEN
1490 1712 1697 1758 Gramm.
1726 1711 1877 1769 qrcecit
1902 1726 1948 1755 n.
1971 1711 2020 1755 T.
2048 1706 2075 1769 ξ
2098 1710 2165 1764 39,

115 1785 156 1830 5.
175 1784 279 1832 vSed
304 1788 420 1845 quid
444 1788 644 1845 impedit
682 1801 872 1831 sumere
907 1799 1102 1829 sensum
1140 1785 1403 1841 passivum,
1446 1784 1526 1840 qui
1552 1783 1724 1827 obvius
1748 1787 1796 1826 et
1822 1782 2051 1838 proprius
2076 1786 2164 1832 est,

114 1871 263 1916 germ.
288 1873 334 1903 er
353 1859 484 1902 ward
505 1858 750 1915 qefunden,
775 1857 895 1901 Gall.
924 1870 982 1899 on
1008 1855 1046 1898 le
1070 1854 1272 1899 trouva?
1312 1854 1369 1897 IN
1404 1854 1559 1897 Azo'ro
1584 1872 1592 1897 :
1634 1871 1685 1896 εις
1716 1856 1877 1902 Αζωτον
1912 1866 2020 1895 cum
2054 1865 2164 1903 acc„

115 1930 410 1973 constructio
436 1942 695 1984 praegnans
716 1946 722 1970 :
753 1934 922 1982 raptus
947 1926 994 1968 in
1019 1926 1247 1976 Azotum,
1267 1923 1333 1966 ibi
1358 1938 1552 1967 rursum
1579 1923 1729 1967 oculis
1754 1922 2004 1965 hominum
2023 1935 2164 1978 appa-

115 1997 226 2041 ruit.
253 2001 419 2042 Azocus
441 2004 544 2042 erat
569 1997 740 2041 civitas
771 1995 1155 2045 Philistinorum,
1180 2008 1308 2037 nunc
1330 1992 1524 2037 Esdoud
1551 1993 1623 2037 vel
1650 1992 1819 2036 Asdocz.
1849 1992 2079 2035 OAESAREA
2102 2004 2165 2034 sc.

91 2075 98 2078 *
119 2065 407 2119 Palaestinae,
431 2067 491 2111 ad
515 2081 644 2111 mare
670 2066 1081 2110 Mediterraneum
1111 2065 1193 2118 (au
1218 2062 1518 2109 Nerei-Ouest
1543 2062 1596 2107 de
1616 2061 1915 2116 Jerusalem),
1950 2061 2032 2104 ubi
2059 2059 2165 2104 Phi·

117 2135 276 2194 lippus
301 2137 566 2190 habitabat,
590 2138 698 2182 Act.
726 2136 873 2188 XXI,
898 2136 939 2179 8.

176 2207 215 2250 1.
244 2206 494 2252 Hactenus
522 2222 605 2264 per
630 2207 852 2251 Judaeam
876 2213 922 2250 et
949 2204 1217 2249 Samariam
1243 2210 1510 2260 propagata
1534 2203 1627 2246 fuit
1652 2201 1771 2247 fides
1798 2221 1806 2246 :
1834 2206 2044 2258 tempus,
2072 2215 2166 2258 quo

117 2274 326 2330 gentiles
371 2277 610 2331 (nationes
661 2285 838 2322 exterae
883 2290 1049 2320 omnes
1105 2288 1261 2330 usque
1314 2273 1374 2317 ad
1429 2279 1697 2318 extremum
1747 2279 1889 2317 terrae
1939 2271 2164 2325 limitem)

117 2345 314 2389 vocandi
337 2353 466 2399 sunt,
493 2346 593 2403 jam
616 2347 987 2404 appropinquat.
1014 2335 1153 2399 Quod
1181 2342 1376 2401 quidem
1403 2349 1457 2386 ut
1483 2342 1782 2398 perficiatur,
1801 2342 2166 2386 instrumentum

117 2415 348 2472 quoddam
369 2417 598 2474 eq‘reqium
631 2419 730 2471 (vas
754 2416 988 2462 electionis
1014 2415 1103 2466 IX,
1138 2416 1230 2470 15),
1264 2428 1346 2458 seu
1381 2427 1652 2470 praeconem
1679 2413 1881 2469 dignum
1908 2419 1958 2457 et
1979 2417 2164 2469 aptum,

118 2484 210 2529 sibi
241 2486 386 2543 eliget
410 2488 557 2542 Deus,
586 2487 786 2532 Saulum
809 2501 980 2543 nempe
1014 2485 1245 2530 Ecclesiae
1286 2490 1647 2541 persecutorem
1680 2483 1986 2528 acerrimum.
2019 2482 2165 2526 Mira·

116 2554 261 2611 bilem
286 2563 446 2601 autem
471 2557 671 2615 hujusce
697 2558 789 2603 viri
813 2557 1078 2614 singularis
1113 2556 1482 2600 conversionem
1512 2555 1666 2599 Lucas
1700 2569 1830 2599 nunc
1863 2552 2094 2603 narrabit,
2118 2556 2166 2595 et

117 2624 296 2670 fusiore
320 2627 514 2684 quidem
539 2643 774 2680 sermone,
809 2642 957 2686 quum
989 2634 1167 2683 agatur
1198 2626 1258 2670 de
1292 2625 1417 2669 facto
1451 2625 1581 2682 quod
1614 2625 1865 2669 dilatando
1899 2622 2167 2679 Evangelio

119 2697 298 2739 summi
330 2699 562 2742 momenti
594 2699 814 2742 futurum
850 2698 927 2742 sit.
964 2697 1128 2748 Porro,
1164 2695 1341 2740 Saulus
1379 2696 1461 2740 ille
1492 2696 1554 2740 ad
1586 2695 1730 2739 fidem
1763 2694 2039 2745 adducitur,
2069 2707 2165 2735 non

121 2764 298 2809 sensim
325 2771 373 2810 et
394 2765 526 2810 lenta
549 2768 697 2811 animi
720 2769 1004 2819 mutatione,
1030 2766 1112 2810 sed
1138 2765 1301 2811 subita
1326 2780 1380 2809 ac
1404 2766 1744 2822 potentissima
1766 2764 1855 2808 Dei
1881 2764 2085 2814 actione,
2111 2768 2166 2806 ut

28 2872 35 2874 ἡ
120 2823 344 2891 gentiles,
371 2835 432 2879 ad
455 2850 574 2894 quos
597 2836 866 2882 mittendus
895 2843 997 2881 erat
1021 2836 1118 2888 ille,
1142 2836 1318 2879 melius
1355 2835 1687 2891 intelligerent
1710 2835 1759 2878 id
1784 2833 1914 2891 quod
1946 2833 2164 2889 ipsorum
2214 2828 2218 2830 ’

121 2902 295 2947 animis
317 2904 591 2959 praesertim
625 2905 963 2949 inculcandum
997 2905 1137 2956 foret,
1171 2904 1416 2948 hominem
1453 2904 1678 2960 quemvis
1713 2917 1810 2947 non
1835 2902 1936 2945 suis
1961 2900 2164 2952 viribus,

122 2972 208 3019 sed
230 2987 314 3029 per
339 2974 428 3018 Dei
454 2976 678 3031 gratiam,
705 2976 766 3020 ad
789 2976 994 3021 salutem
1020 2975 1298 3031 pervenire.

70 3035 74 3037 i
118 3048 127 3052 ’
181 3042 371 3098 AUTEM,
405 3048 448 3087 δε
480 3062 490 3089 :
523 3044 723 3091 hostiles
759 3045 894 3090 Sauli
926 3051 1128 3089 conatus
1163 3043 1375 3099 pacificae
1410 3051 1459 3087 et
1494 3042 1698 3087 salutari
1741 3039 1949 3096 Philippi
1984 3040 2164 3084 actioni

121 3112 337 3168 opponit.
362 3114 552 3167 Ammo,
578 3115 775 3172 respicit
798 3129 899 3171 cap.
924 3113 1071 3166 VIII,
1106 3113 1146 3156 3.
1184 3137 1235 3143 —
1271 3113 1530 3165 MINARUM,
1557 3113 1705 3169 genit.
1730 3125 1816 3168 per
1837 3110 2161 3167 graecismum.

125 3180 314 3237 Quanta
350 3184 604 3231 verborum
644 3187 740 3232 vis!
775 3186 886 3231 Non
930 3183 1201 3241 respirabat
1241 3185 1334 3228 iste
1368 3185 1463 3228 nisi
1508 3190 1565 3229 ut'
1597 3183 1850 3228 occideret.
1893 3182 2164 3225 PRINCIPEM

125 3262 541 3306 SACEBDOTUM,Jsc.
585 3255 832 3314 Caipham,
875 3257 916 3302 ni
955 3255 1243 3301 admittatur
1285 3254 1486 3300 Saulum
1520 3271 1564 3300 a.
1600 3255 1656 3298 34
1688 3267 1975 3299 conversum
2013 3252 2164 3297 fuisse

126 3320 274 3376 (quod
297 3327 350 3369 ut
365 3323 666 3378 'probabilius
689 3328 951 3381 tenemus).

186 3390 229 3434 2.
253 3390 520 3446 Emsmoms,
545 3396 593 3440 vi
615 3411 832 3454 quarum,
859 3405 1106 3455 tamquam
1131 3396 1360 3454 Synedrii
1384 3396 1592 3452 legatae,
1616 3394 1797 3439 ibidem
1821 3393 2161 3439 auctoritatem

128 3458 346 3515 haberet3
369 3467 419 3508 et
438 3463 590 3510 sicubi
613 3480 689 3511 res
713 3468 762 3512 id
787 3468 1074 3525 postularet,
1098 3481 1238 3524 opem
1261 3481 1289 3510 a
1311 3465 1556 3522 praefectis
1581 3465 1950 3522 Synagogarum
1974 3463 2165 3519 exigere

129 3536 308 3647 gosset.
340 3532 461 3578 Inde
485 3539 618 3590 patet
641 3537 1031 3596 jurisdictionem
1066 3536 1292 3595 Synedrii
1325 3536 1474 3581 etiam
1507 3539 1644 3580 extra
1676 3533 1708 3578 J
1713 3534 1899 3580 udaeam
1924 3547 1974 3578 se
2000 3540 2163 3577 exten-

164 3615 274 3646 isse.
1799 3618 1803 3622 ’

1992 3675 2019 3717 8
