2430 4030
627 336 909 371 sit-cunnum
949 335 1072 370 urea
1111 335 1265 370 PAum
1306 335 1696 372 EVANGELIOUM.
2078 320 2180 372 175

144 475 273 522 sunt
297 488 328 520 a
356 468 566 538 Spiritu
594 472 784 519 sancto
813 467 962 536 loqui
990 467 1219 521 verbum
1250 468 1351 520 Dei
1377 467 1434 520 in
1465 468 1617 535 Asia.
1659 473 1691 510 *
1721 467 1860 522 Cum
1890 468 2178 521 venissent
2202 475 2229 519 '7

145 559 326 605 autem
354 553 407 604 in
447 552 697 621 Mysiam,
742 552 1034 603 tentabant,
1073 552 1149 602 ire
1186 552 1242 604 in
1280 552 1634 621 Bithyniam:
1686 559 1741 604 et
1783 571 1892 604 non
1922 552 2177 622 permisit

146 653 238 687 eos
267 634 505 703 Spiritus
531 634 684 686 Jesu.
733 638 765 674 ²¹<
816 632 951 685 Cum
992 639 1173 686 autem
1202 635 1631 703 pertransissent
1661 635 1916 703 Mysiam,
1948 635 2178 687 descen·
2202 642 2229 681 8

144 717 342 768 derunt
383 716 682 768 Troadem:
729 721 761 757 >k
803 721 859 767 et
905 716 1043 768 visio
1087 734 1182 785 per
1226 724 1445 769 noctem
1474 717 1643 769 Paulo
1672 723 1896 769 ostensa
1940 723 2056 770 est:
2095 717 2230 771 vir9

142 798 366 850 Macedo
395 798 612 867 quidam
640 805 755 849 erat
785 804 954 861 stane,
978 804 1034 850 et
1061 798 1360 866 deprecans
1389 817 1528 863 eum,
1554 805 1609 850 et
1632 799 1853 851 dicens:
1882 799 2177 852 Transiens

140 881 195 932 in
220 881 616 944 Macedoniam,
658 881 855 949 adjuva
889 899 1005 932 nos,
1036 886 1069 922 >¹<
1098 881 1177 934 Ut
1204 886 1387 933 autem
1414 881 1591 934 visum
1622 882 1779 947 vidit,
1809 883 1996 935 statim
2027 900 2175 953 quae·
2203 894 2257 933 10

140 964 363 1015 sivimus
406 964 680 1032 proficisci
722 965 777 1014 in
823 964 1219 1028 Macedoniam,
1259 966 1396 1016 certi
1436 965 1567 1016 facti
1610 965 1754 1035 quod
1792 972 2039 1018 vocasset
2075 983 2176 1017 nos

142 1045 290 1096 Deus
319 1046 697 1114 evangelizare
726 1046 822 1097 eiS.

215 1133 248 1169 ²¹<
276 1128 618 1198 Navigantes
645 1134 827 1180 autem
854 1147 885 1180 a
911 1129 1146 1193 Troade,
1184 1134 1335 1182 recto
1374 1148 1537 1183 cursu
1565 1132 1816 1184 venimus
1858 1131 2174 1184 Samothra·
2201 1142 2252 1180 11

142 1210 298 1275 ciam,
342 1218 396 1263 et
438 1212 689 1280 sequenti
732 1212 819 1263 die
863 1212 1182 1279 Neapolim:
1232 1217 1264 1253 >¹<
1311 1218 1366 1264 et
1409 1213 1536 1264 inde
1577 1214 1880 1283 Philippos,
1932 1233 2053 1284 quae
2094 1220 2178 1267 est
2201 1225 2253 1262 12

139 1294 312 1361 prima
351 1294 522 1362 partis
564 1292 904 1346 Macedoniae
944 1294 1157 1358 civitae,
1199 1295 1431 1347 colonia.
1476 1295 1707 1348 Eramus
1750 1304 1934 1349 autem
1972 1297 2024 1348 in
2071 1297 2173 1349 hac

142 1519 474 1568 pervenerant,
510 1527 619 1556 cum
647 1512 860 1567 Spiritus
885 1520 1083 1560 sanctus
1107 1531 1185 1561 eos
1211 1517 1457 1574 prohibuit
1480 1517 1528 1562 id
1554 1519 1724 1562 facere.
1768 1518 1884 1564 Ideo
1912 1534 1998 1576 per
2025 1519 2174 1578 Phry-

140 1581 268 1638 giam
306 1583 550 1638 petierunt
589 1582 842 1635 Galatiam,
879 1585 960 1629 ubi
1002 1586 1323 1644 Evangelium
1363 1588 1766 1642 praedicaverunt,
1799 1594 1853 1632 ut
1890 1589 2079 1633 eruitur
2118 1605 2174 1634 ex

141 1651 247 1696 Act.
289 1652 483 1704 XVIII,
523 1652 594 1704 23,
632 1653 734 1697 coll.
773 1653 894 1698 Gall.
927 1655 1016 1706 IV,
1049 1656 1120 1708 13,
1161 1658 1230 1701 19.
1275 1657 1456 1713 Legere
1488 1657 1565 1702 hic
1597 1664 1788 1715 oportet
1819 1659 2086 1716 Epistulam
2111 1661 2175 1705 ad

142 1720 350 1773 Galatas,
380 1725 543 1777 utpote
567 1736 673 1778 quae
699 1723 956 1768 nonnullas
982 1725 1244 1780 praebitura
1266 1727 1328 1771 sit
1352 1727 1552 1772 notitias
1579 1727 1704 1772 circa
1737 1728 1925 1773 labores
1948 1730 2172 1786 apostoli-

139 1802 217 1834 cos
244 1789 292 1832 in
318 1790 398 1833 illa
420 1791 628 1846 regione.

197 1861 234 1905 7.
270 1860 328 1904 In
353 1876 510 1917 graeco
532 1862 671 1906 lectio
699 1862 989 1917 probabilior
1014 1864 1081 1909 sic
1108 1865 1278 1911 habet:
1321 1867 1436 1913 Cam
1461 1871 1615 1912 autem
1640 1869 1871 1914 venissent
1905 1870 2108 1924 (ελθοντες
2133 1876 2175 1914 δε

138 1929 186 1972 in
212 1930 309 1973 cod.
336 1930 572 1982 ABCDE)
602 1931 662 1974 acl
685 1932 904 1989 Elysiam,
927 1953 1031 1978 κατα
1054 1955 1126 1988 την
1155 1942 1314 1981 Μυσιαν
1341 1938 1418 1991 (ad
1444 1938 1654 1982 confines
1683 1938 1855 1995 Mysiae
1880 1941 2174 1996 orientales),

137 1998 374 2043 tentabant
398 2000 466 2042 ire
486 1999 538 2042 in
563 1999 856 2057 Bithyniam.
886 2003 1060 2060 Igitur,
1087 2004 1323 2050 Galatiam
1350 2008 1417 2051 ita
1442 2015 1800 2063 percurrerunt,
1827 2016 1881 2054 ut
1905 2009 1965 2053 ab
1987 2011 2173 2054 oriente

141 2068 199 2111 ad
224 2070 521 2113 occidentem
544 2070 690 2114 ierint
715 2090 724 2115 ε
763 2087 869 2116 cum
902 2080 1064 2118 autem
1090 2077 1149 2120 ad
1173 2077 1351 2121 limites
1375 2078 1548 2135 Mysiae
1573 2081 1904 2132 accessissent,
1938 2095 2041 2124 eam
2076 2095 2172 2125 non

138 2135 349 2191 ingressi
373 2145 500 2189 sunt,
528 2146 780 2194 propterea
803 2143 929 2198 quod
955 2143 1002 2187 in
1022 2144 1151 2189 Asiae
1171 2146 1438 2198 Provincia,
1457 2147 1516 2190 ad
1538 2162 1682 2205 quam
1701 2149 1860 2207 Mysia
1884 2150 2173 2206 pertinebat,

138 2205 396 2260 praedicare
424 2208 542 2262 ipsis
567 2208 861 2264 prohibitum
888 2212 1059 2265 fuerat,
1085 2229 1128 2258 v.
1157 2214 1208 2267 63
1243 2215 1326 2259 sed
1350 2216 1410 2260 ad
1433 2218 1814 2273 septentrionem
1838 2220 1931 2264 iter
1956 2235 2171 2276 perrexe-

136 2281 266 2326 runt,
290 2284 334 2319 et
370 2283 681 2322 tentaverunt
721 2280 971 2335 (επειραζονι
1012 2290 1125 2328 nota
1158 2284 1443 2341 imperfect„
1481 2288 1660 2344 pluries
1688 2292 1998 2344 tentaverunt)
2027 2291 2095 2334 ire
2123 2292 2172 2335 in

137 2343 427 2401 Bithyniam.
453 2347 520 2390 ΕΤ
547 2348 667 2402 (sed)
685 2362 779 2393 NON
804 2363 1022 2396 PERMISIT
1044 2366 1124 2396 Eos
1152 2354 1371 2401 SPIRITUS
1395 2357 1514 2402 JESU
1534 2359 1673 2413 (alter
1689 2359 1789 2416 jam
1814 2360 1902 2405 Dei
1929 2363 2170 2406 interven-

135 2414 247 2467 tus).
276 2414 444 2460 Obiter
463 2417 790 2463 animadverte
814 2420 1048 2477 Spiritum
1072 2424 1183 2468 Jesa
1206 2440 1314 2469 eum
1341 2442 1445 2471 esse
1468 2443 1522 2473 ac
1547 2444 1592 2473 v.
1619 2430 1645 2473 6
1680 2429 1916 2487 Spiritum
1941 2435 2170 2484 sanctam,

135 2482 215 2538 qui
238 2497 408 2540 nempe
429 2499 456 2529 a
480 2485 599 2529 Jesu
623 2502 706 2530 seu
732 2502 759 2532 a
780 2488 902 2533 Filio
929 2491 1016 2535 Dei
1043 2494 1260 2548 procedit
1283 2496 1408 2541 sicut
1429 2513 1456 2541 a
1485 2499 1640 2544 Patre.

148 2571 164 2597 ς
192 2551 232 2595 8.
266 2553 435 2610 Itaque
457 2555 525 2598 ire
548 2556 608 2599 ad
633 2558 904 2614 aquilonem
929 2567 1177 2608 vetantur:
1203 2565 1319 2621 quid
1342 2567 1468 2612 facto
1493 2570 1648 2625 opus?
1670 2571 1759 2617 Vel
1777 2572 1956 2617 reverti
1975 2572 2168 2625 debent,

136 2620 210 2663 vel
246 2622 304 2665 ad
341 2623 636 2668 occidentem
676 2628 930 2684 progredi:
970 2631 1019 2674 id
1058 2633 1286 2677 ultimum
1329 2636 1614 2692 perficiunt;
1651 2641 1750 2692 sed,
1783 2655 1892 2684 cum
1927 2643 1975 2685 in
2010 2641 2169 2699 Mysia

136 2688 382 2734 Christum
405 2693 662 2748 praedicare
685 2710 781 2739 non
808 2697 947 2742 liceat
970 2701 1054 2753 eis,
1079 2703 1325 2758 regionem
1357 2710 1686 2762 pertranseant
1722 2716 1768 2753 et
1810 2716 1982 2766 petunt
2025 2713 2167 2756 Troa-

132 2757 231 2802 dem
255 2760 545 2813 (descendant
568 2765 627 2807 ad
650 2766 768 2810 illud
794 2769 1040 2824 oppidum,
1082 2777 1249 2828 utpote
1272 2775 1331 2819 ad
1358 2775 1492 2821 Mare
1518 2778 1745 2834 AEgaeum
1773 2781 1963 2834 situm),
1994 2781 2166 2826 fortas-

133 2828 197 2871 sis
222 2843 275 2872 ea
300 2836 460 2875 mente
484 2838 536 2876 ut
559 2834 730 2879 itinere
758 2838 999 2883 maritimo
1025 2841 1334 2887 Antiochiam
1362 2844 1516 2902 Syriae
1540 2848 1755 2892 redeant.
1784 2848 1878 2892 Sed
1903 2864 2010 2894 ecce
2033 2850 2167 2895 Deus

131 2898 276 2942 tertio
299 2899 574 2954 intervenit,
613 2918 802 2962 semper
834 2922 914 2952 eos
947 2909 1190 2968 Europam
1225 2928 1396 2958 versus
1429 2916 1701 2972 impellenS,
1733 2933 1778 2962 v.
1813 2919 1854 2961 9.
1898 2920 2059 2973 Troas,
2083 2936 2168 2966 seu

134 2966 620 3025 Alexandreia-Troas,
659 2983 828 3030 portus
864 2982 979 3022 tunc
1017 2982 1183 3038 magni
1220 2986 1451 3029 momenti
1485 2991 1603 3037 erat,
1632 2987 1756 3031 unde
1780 2989 2020 3044 proficisci
2045 2991 2167 3036 sole-

131 3037 246 3084 bant
272 3041 479 3086 viatores
518 3045 601 3101 qui
640 3059 694 3089 ex
733 3048 1061 3095 Asia-Minore
1094 3054 1143 3096 in
1177 3053 1507 3100 Macedoniam
1539 3058 1687 3103 ibant.
1723 3059 1828 3104 Ista
1860 3062 2030 3108 civitas
2064 3069 2168 3110 erat

135 3121 278 3164 prope
299 3111 543 3168 antiquam
566 3113 799 3160 Troadem
822 3118 879 3162 ab
904 3120 1117 3166 Homero
1138 3123 1442 3169 celebratam.

191 3177 259 3219 10.
296 3177 614 3233 QUAESIVIMUS.
642 3184 691 3228 S.
717 3186 870 3230 Lucas
895 3190 1050 3244 prima
1070 3205 1277 3246 persona
1302 3195 1475 3250 plurali
1501 3211 1630 3242 nunc
1655 3199 1865 3254 primum
1887 3202 2075 3256 utitur3
2110 3218 2168 3248 ex

131 3258 224 3301 quo
248 3248 529 3304 colligimus,
558 3252 718 3307 ipsum
746 3256 876 3299 Pauli
902 3260 1127 3304 comitem
1152 3262 1230 3305 hic
1254 3263 1436 3307 factum
1462 3266 1631 3311 fuisse.

191 3316 256 3390 l·2.
294 3315 463 3369 PRIMA,
502 3328 616 3373 puta
655 3326 975 3382 topoqraphice
1017 3330 1146 3382 (nam
1178 3332 1334 3387 prima
1366 3334 1534 3378 ordine
1558 3335 1807 3393 diqnitatis
1834 3345 1939 3384 erat
1963 3340 2167 3398 Amphi-

131 3382 285 3436 polis),
322 3385 408 3429 hoc
445 3401 587 3432 sensu
626 3393 754 3447 quod
792 3395 1074 3449 viatoribus,
1114 3402 1194 3456 qui
1232 3400 1436 3457 Neapoli
1470 3405 1517 3446 in
1559 3404 1892 3452 Macedoniam
1935 3411 2171 3463 tendunt,
2241 3397 2246 3402 ι

130 3451 282 3526 prim-a
306 3468 532 3501 occurrat.
560 3458 786 3517 Neapolis
813 3475 973 3508 autem
1000 3481 1054 3511 eo
1080 3474 1296 3525 tempore
1317 3472 1377 3515 ad
1400 3472 1653 3519 Thraciam
1679 3478 1983 3533 pertinebat:
2012 3482 2162 3537 atqui,

131 3533 225 3594 non
249 3534 296 3563 in
325 3521 584 3577 Thraciam,
617 3530 700 3573 sed
721 3531 769 3573 in
790 3532 1114 3579 Macedoniam
1139 3540 1292 3583 vocati
1317 3540 1541 3586 fuerunt:
1584 3545 1691 3589 ideo
1717 3547 1886 3591 statim
1915 3547 2163 3604 Philippos

130 3599 382 3642 petierunt.
409 3592 577 3639 PAR'ris
597 3596 911 3654 Mmanonm,
937 3618 1000 3648 sc.
1021 3607 1164 3650 istius
1190 3609 1340 3664 partis
1363 3610 1422 3654 ad
1445 3625 1590 3668 quam
1618 3615 1790 3659 Paulus
1818 3617 1991 3660 itinere
2018 3619 2162 3661 mari·
