2430 4030
293 286 399 338 274
751 294 1093 330 messana-10
1130 294 1169 328 11
1208 293 1264 330 m
1300 293 1462 330 Aemus
1498 294 1892 334 Aros'roLoin.

290 433 602 485 carceribus
647 431 883 481 inclusas
930 429 1278 492 invisebant3
1319 430 1376 479 4⁰
1414 428 1470 480 in
1511 428 1776 492 ecclesiis,
1821 430 1916 482 ubi
1943 433 2178 501 propria
2220 441 2338 486 erat

288 515 615 566 feminarum
651 513 837 582 janua,
882 511 1123 563 ostiariae
1163 516 1337 575 erant,
1379 516 1434 563 et
1473 512 1766 581 unicuique
1795 531 1952 565 suum
1979 515 2340 583 assignabant

288 599 499 661 locum3
544 597 726 649 omnia
769 595 954 658 etiam,
998 612 1119 662 quae
1154 594 1227 645 ad
1266 595 1603 647 ceremonias
1643 596 1927 664 religiosas
1966 597 2338 666 pertinebant,

288 682 391 732 rite
457 678 836 748 disponebant
893 678 1040 728 inter
1092 676 1342 740 feminas,
1396 677 1853 745 quemadmodum
1920 678 2135 730 diaconi
2197 680 2341 732 inter

289 765 479 826 viros;
534 762 759 813 tandem
811 762 865 812 50
908 759 1178 813 viduabus
1219 764 1275 811 et
1317 759 1537 811 feminis
1589 760 1923 829 pauperibus
1968 763 2343 832 eleemosynas

289 845 723 899 distribuebant.

362 929 548 992 Porro,
579 927 739 979 dotes
771 927 826 977 in
857 924 1181 976 diaconissis
1210 924 1502 994 requisitas
1531 931 1816 978 enumerat
1836 944 1879 978 s.
1909 925 2110 978 Paulus
2145 927 2168 977 1
2201 926 2342 980 Tim.

289 1012 399 1075 III,
447 1011 530 1062 11.
574 1009 856 1060 Incertum
895 1013 1078 1058 autem
1119 1013 1203 1059 est
1242 1013 1426 1059 utrum
1454 1007 1523 1059 de
1553 1008 1876 1061 diaconissis
1915 1009 2136 1077 proprie
2175 1009 2339 1062 dictis

289 1113 465 1146 sermo
507 1095 604 1144 fiat
647 1095 671 1142 1
717 1092 854 1143 Tim.
898 1090 965 1156 V,
1010 1090 1040 1140 9
1085 1111 1095 1142 :
1139 1090 1206 1142 cf.
1247 1096 1438 1143 annot.
1481 1099 1654 1144 nostr.
1684 1092 1740 1143 in
1769 1091 1847 1144 ill.
1881 1092 1981 1145 loc.
2016 1092 2244 1158 Phoebe,
2272 1093 2342 1146 de

289 1197 395 1249 qua
425 1179 582 1231 Rom.
612 1175 769 1239 XVI,
802 1176 849 1238 1,
880 1174 1100 1227 videtur
1128 1174 1295 1226 fuisse
1327 1174 1667 1228 Diaconissa.

365 1260 806 1313 Diaconissarum
850 1258 1168 1309 institutum
1213 1275 1321 1308 non
1366 1258 1459 1309 diu
1498 1275 1879 1327 perseverasse
1926 1259 1983 1310 in
2033 1258 2225 1322 Gallia,
2273 1278 2341 1311 ex

290 1363 441 1398 conc.
475 1344 661 1395 Aurel.
693 1343 772 1406 II,
803 1361 929 1394 ann.
962 1341 1065 1392 353
1096 1341 1405 1409 colligimus
1437 1362 1447 1393 ε
1480 1347 1535 1393 et
1562 1347 1760 1395 octavo
1783 1342 1897 1411 jam
1927 1343 2109 1395 seculo
2141 1343 2342 1413 ubique

291 1431 347 1482 in
376 1430 660 1482 occidente
686 1427 953 1478 abolitum
983 1431 1115 1477 erat.
1144 1425 1365 1477 Diutius
1397 1444 1523 1478 vero
1553 1427 1771 1479 exstitit
1797 1428 1854 1478 in
1884 1428 2112 1480 ecclesia
2141 1446 2341 1497 graeca.

298 1513 496 1564 Primis
566 1511 826 1563 Ecclesiae
891 1509 1252 1578 temporibus,
1319 1509 1388 1560 ad
1451 1510 1591 1561 illud
1657 1529 1852 1562 munus
1918 1512 2341 1564 assumebantur

293 1596 599 1665 praesertim
640 1594 822 1646 viduae
867 1593 1033 1659 (unde
1074 1592 1393 1643 institutum
1435 1592 1721 1644 dicebatur
1769 1593 2077 1663 Vidamas),
2119 1601 2175 1647 et
2213 1613 2337 1664 pro-

293 1678 548 1731 vectioris
580 1675 800 1745 quidem
829 1675 1041 1738 aetatis3
1074 1693 1182 1726 non
1213 1679 1396 1725 tamen
1422 1674 1638 1726 videtur
1661 1675 1953 1728 dicendum
1976 1677 2116 1729 solas
2145 1677 2340 1730 viduas

291 1760 677 1828 seoeaqenarias
736 1758 824 1825 (cf.
886 1760 902 1809 l
965 1758 1102 1809 Tim.
1157 1755 1228 1820 V,
1284 1757 1337 1823 9)
1394 1757 1561 1808 fuisse
1614 1758 1859 1823 electas3
1929 1761 2134 1811 etenim
2187 1778 2341 1813 conc.

299 1843 629 1896 Chalcedon.
672 1860 799 1892 ann.
839 1841 941 1891 451
987 1845 1206 1892 aetatem
1249 1840 1443 1891 statuit
1485 1840 1852 1909 quadraginta
1893 1860 2179 1894 annorum.
2220 1841 2344 1894 Vir-

273 1912 275 1914 ·
303 1927 462 1994 gines
491 1927 673 1987 etiam,
705 1942 825 1992 quae
854 1940 973 1975 sese
1004 1923 1120 1974 Deo
1162 1928 1636 1987 consecraverant,
1665 1925 1721 1974 in
1760 1924 2052 1977 Viduatum
2082 1942 2177 1975 seu
2204 1925 2348 1976 inter

299 2010 638 2061 diaconissas
666 2025 1075 2076 nonnumquam
1106 2006 1535 2075 recipiebantur,
1579 2014 1639 2059 ut
1682 2014 1955 2060 testantur
1983 2009 2207 2061 Tertull.
2243 2008 2341 2075 (De

302 2093 511 2145 veland.
549 2093 694 2160 Virq.
724 2110 769 2144 o.
802 2092 853 2159 9)
888 2098 942 2142 et
969 2109 1011 2142 s,
1044 2089 1213 2158 Greg.
1243 2089 1411 2159 Ny‘sS.
1447 2090 1603 2158 (Vita
1631 2091 1936 2159 Macrinae).

859 2225 1364 2278 DISSERTATIO
1407 2226 1786 2280 SECUNDA.

770 2353 829 2384 DE
862 2352 1193 2393 THEOPHANIIS,
1227 2353 1312 2384 SUB
1345 2353 1527 2385 VETERE
1559 2354 1874 2386 TESTAMENTO.

951 2440 1040 2492 (Ad
1073 2444 1167 2481 Aen.
1202 2443 1353 2493 Apost.
1386 2443 1486 2491 VH,
1522 2444 1588 2492 38,
1621 2441 1694 2494 53)

367 2552 412 2603 I.
469 2550 659 2602 Status
712 2548 1039 2617 quaestionis.
1097 2548 1372 2613 Quaeritur
1425 2554 1608 2600 utrum
1661 2549 1771 2611 ille,
1821 2549 1935 2618 qui,
1991 2549 2094 2600 sub
2153 2554 2384 2601 vetere-

294 2634 662 2694 Testamento,
697 2631 876 2699 Moysi
904 2631 1135 2699 aliisque
1162 2649 1260 2699 per
1289 2631 1613 2683 miraculum
1641 2631 1940 2683 videndum
1983 2648 2039 2682 se
2080 2633 2341 2700 praebuit,

294 2716 459 2768 fuerit
505 2715 729 2783 anqelus
771 2714 981 2782 proprie
1025 2713 1217 2778 dictus,
1265 2714 1492 2782 spiritus
1535 2715 1734 2783 aliquis
1782 2720 2020 2778 creatus,
2065 2715 2156 2784 qui
2202 2715 2344 2766 Deus

295 2800 525 2861 dicatur,
571 2798 697 2866 quia
743 2797 845 2848 Dei
889 2814 1179 2865 personam
1227 2803 1467 2864 gereret,
1517 2815 1587 2848 an
1635 2815 1762 2850 vero
1807 2798 1974 2850 fuerit
2014 2798 2133 2867 ipse
2177 2798 2346 2862 Daue,

295 2880 532 2933 secunda
558 2898 754 2948 nempe
783 2897 855 2932 ss.
884 2879 1171 2930 Trinitatis
1210 2897 1462 2948 persona,
1494 2879 1667 2932 Filius
1697 2897 1794 2932 seu
1824 2878 2070 2932 Verbum
2099 2879 2222 2944 Dei,
2256 2880 2350 2949 qui

296 2963 743 3033 conspiciendum
788 2981 845 3014 se
894 2962 1109 3014 dederit
1153 2962 1255 3013 sub
1304 2962 1482 3014 forma
1531 2962 1762 3032 quadam
1809 2981 2072 3031 corporea
2119 2984 2129 3015 ε
2185 2980 2345 3032 quam

297 3047 517 3116 quidem
545 3046 774 3098 formam
801 3045 1164 3113 assumpserit
1193 3063 1289 3096 seu
1317 3047 1405 3097 cui
1445 3064 1503 3098 se
1547 3046 1898 3114 conjunxerit
1932 3046 2061 3112 (non
2092 3046 2346 3114 hyposta-

296 3131 412 3193 tice,
444 3135 503 3180 ut
531 3131 585 3180 in
614 3129 1014 3191 Incarnatione,
1045 3128 1142 3180 sed
1173 3134 1450 3198 tamquam
1493 3134 1670 3182 motor
1708 3130 1953 3199 corporis
1988 3128 2242 3196 interior)
2274 3128 2343 3180 ad

295 3214 538 3265 act-iones
567 3212 669 3262 sibi
704 3212 954 3281 proprias
984 3211 1318 3263 efficiendas.

371 3295 447 3347 ΙΙ.
479 3296 611 3346 Duae
638 3295 926 3346 sententiae.
971 3294 1090 3345 Hac
1130 3295 1186 3345 in
1227 3313 1285 3345 re
1324 3293 1447 3348 duae
1486 3294 1782 3363 praecipuae
1821 3299 1952 3346 sunt
1980 3293 2127 3364 apud
2155 3293 2344 3346 catho-

298 3379 434 3430 licos
463 3378 778 3442 sententiae,
809 3395 931 3446 quae
960 3377 1136 3430 ambae
1162 3377 1333 3429 firmis
1360 3378 1618 3430 nituntur
1644 3377 2011 3446 argumentis.
2049 3377 2149 3445 (l).

357 3509 425 3564 (1)
458 3511 610 3551 Tertia
630 3522 733 3551 vero
754 3511 988 3560 sententia,
1012 3523 1038 3550 a
1058 3511 1278 3552 nonnullis
1308 3511 1661 3552 Protestantibns
1689 3512 1926 3564 proposita:
1958 3524 1998 3552 v.
2029 3523 2093 3562 gr.
2126 3523 2152 3551 a
2183 3475 2430 3573 Rosea-f}

298 3579 459 3619 muller
490 3579 534 3618 in
577 3578 712 3618 Exod.
742 3578 910 3627 XXIII,
944 3579 1009 3626 20,
1044 3578 1259 3629 Angelum
1292 3578 1374 3617 Dei
1410 3577 1543 3619 fuisse
1574 3589 1750 3619 causam
1781 3576 2042 3627 naturalem,
2071 3577 2140 3620 vel
2168 3577 2342 3633 signum
2399 3580 2430 3666 Ξ
