2430 4030
385 321 616 366 QuAEsrio
657 319 1076 357 scairrnmsrioA
1115 321 1181 356 Dr:
1222 321 1477 358 urlscoris
1519 323 1580 358 m*
1618 324 1981 362 PRESBYTERIS.
2101 311 2205 361 295

166 453 354 505 niendi
398 458 524 517 etc„
575 452 721 521 quod
767 452 899 503 facit
946 471 1109 504 verus
1152 454 1416 521 superior.
1487 455 1776 520 Praeterea,
1839 458 2020 526 plures
2065 477 2093 509 e
2135 476 2208 509 ss‚

175 535 435 588 Patribus
462 536 764 588 admittunt
793 554 957 587 sensu
987 537 1223 605 quodam
1249 537 1356 588 dici
1387 523 1856 609 posse⁹episcopos
1878 543 2207 594 successisse

167 618 452 670 duodecim
484 619 766 688 apostolis,
786 619 1140 688 presbyteros
1158 626 1336 671 autem
1362 623 1717 689 septuaginta
1738 622 1950 675 duobus
1970 624 2209 692 discipu-

166 701 260 752 lis:
285 703 438 771 atqui
461 702 742 771 apostolos
772 702 1061 770 discipulis
1091 702 1321 771 majores
1349 704 1516 755 fuisse
1545 722 1612 755 ex
1642 704 1894 757 universa
1924 706 2212 774 Evangelii

166 784 396 836 historia
424 785 753 855 colligimus

239 866 295 917 30
336 867 683 919 Excellentia
717 873 902 918 autem
936 869 1345 936 auctoritasque
1384 869 1784 938 episcoporum,
1818 888 1923 939 qua
1961 870 2209 923 sacerdo·

162 954 248 1001 tes
277 956 559 1018 superant,
578 969 688 1001 non
709 969 805 1018 per
828 950 946 1017 ipsa
969 952 1190 1002 nomina
1215 952 1449 1020 episcopi
1478 957 1533 1003 et
1550 952 1841 1020 presbyteri
1861 952 2210 1021 designatur.
2243 984 2247 988 -

162 1031 287 1084 Vox
329 1033 473 1084 enim
520 1033 792 1103 episcopus
832 1033 1132 1102 (inspector,
1171 1053 1240 1085 ex
1283 1053 1465 1104 graeco
1504 1060 1571 1084 επι
1611 1041 1666 1087 et
1704 1037 1882 1103 σκοπεω)
1919 1036 2212 1105 quamdam

164 1135 295 1168 sane
324 1117 602 1185 significat
646 1118 983 1185 dignitatem
1022 1125 1077 1169 et
1105 1119 1514 1183 auctoritatem,
1554 1120 1650 1170 sed
1690 1126 1939 1170 naturam
1971 1119 2088 1187 ejus
2116 1125 2211 1170 aut

165 1199 400 1267 gradum
430 1218 540 1251 non
569 1200 794 1251 indicat.
830 1201 993 1269 Apud
1037 1208 1291 1252 auctores
1335 1202 1594 1270 profanos
1622 1202 1855 1271 episcopi
1883 1202 2211 1271 quandoque

165 1283 424 1334 dicuntur
460 1284 706 1352 praefecti
751 1284 941 1335 civiles
979 1289 1033 1334 et
1063 1285 1358 1347 militares3
1406 1284 1681 1336 Eusebius
1731 1303 1858 1337 vero
1904 1287 2210 1353 Imperato-

165 1383 279 1416 rem
310 1365 734 1417 Gonstantinum
764 1373 926 1417 vocat
961 1367 1276 1434 Episcopum
1306 1368 1379 1418 od
1401 1372 1571 1419 embra.
1597 1368 1781 1436 Igitur
1809 1385 1916 1419 vox
1946 1367 2215 1436 episcopus

166 1451 550 1501 auctoritatem
590 1467 851 1500 sacram
882 1468 982 1518 per
1022 1469 1074 1501 se
1119 1469 1228 1502 non
1267 1451 1629 1503 demonstrat.
1673 1454 1934 1503 Attamen
1986 1451 2040 1501 in
2071 1468 2214 1501 novo

166 1535 523 1586 Testamento
550 1539 871 1586 constanter
900 1541 1199 1603 usurpatur
1228 1536 1294 1588 de
1337 1537 1572 1604 quadam
1612 1537 1942 1605 praefectura
1987 1552 2215 1596 sacra,

169 1622 335 1686 atque
377 1635 470 1668 eos
512 1618 821 1686 generatim
867 1618 1095 1669 denotat
1145 1619 1236 1687 qui
1279 1620 1516 1671 coetibus
1561 1619 1877 1671 christianis
1916 1623 2213 1685 praeerant:

170 1707 226 1751 at
254 1719 382 1752 vero
411 1708 620 1753 certum
650 1701 943 1770 dignitatis
987 1720 1155 1754 sacrae
1185 1702 1417 1771 gradum
1446 1721 1554 1754 non
1586 1702 1812 1765 defiuit3
1844 1719 1970 1751 nam
2005 1703 2028 1750 1
2067 1700 2213 1750 Petr.

173 1783 250 1846 ΙΙ,
282 1784 350 1834 25
397 1783 647 1836 Christus
686 1790 913 1836 vocatur
960 1785 1253 1854 Episcopus
1300 1786 1631 1849 animarum,
1672 1785 1817 1855 quod
1857 1802 1987 1836 sane
2036 1783 2103 1834 de
2152 1801 2214 1834 eo

170 1866 513 1933 praefecturae
549 1866 745 1935 gradm
790 1868 884 1936 qui
927 1874 1012 1918 est
1041 1885 1206 1936 supra
1236 1886 1449 1919 omnem
1478 1868 1732 1937 gradum,
1763 1867 2095 1934 intelligitur
2130 1865 2214 1932 (¹).

172 1947 381 2000 Eodem
423 1949 586 2001 modo
613 1950 890 2018 presbyter
934 1951 1022 2017 (ex
1067 1969 1248 2019 graeco
1278 1963 1556 2010 πρεσέυτερος,
1592 1950 1786 2015 senior)
1838 1950 2056 2018 proprie
2084 1956 2212 2000 aeta-

171 2037 302 2095 tem,
340 2038 396 2083 et
423 2033 551 2085 inde
592 2034 832 2102 aliquam
882 2035 1296 2098 auctoritatem,
1324 2036 1499 2104 qualis
1548 2034 1855 2086 senioribus
1904 2033 2047 2083 haud
2093 2050 2215 2083 raro

172 2116 453 2180 tribuitur,
483 2117 793 2186 significat3
827 2117 923 2169 sed
953 2136 1168 2180 rursum
1191 2137 1288 2187 per
1319 2137 1376 2169 se
1405 2136 1582 2188 neque
1601 2118 1910 2169 autoritatis
1938 2121 2214 2177 naturam,

175 2208 359 2253 utrum
407 2203 711 2271 spiritualis
760 2204 832 2255 sit
878 2222 1072 2266 necne,
1139 2222 1318 2272 neque
1392 2204 1507 2272 ejus
1577 2203 1805 2271 qradum
1870 2202 2217 2254 determinat,

178 2283 398 2334 Etenim
443 2303 486 2336 s.
518 2286 713 2337 Petrus
741 2287 795 2335 in
824 2286 1000 2354 prima
1028 2286 1188 2354 epist.
1225 2286 1291 2348 V,
1323 2286 1353 2336 5
1383 2287 1439 2336 id
1469 2286 1536 2337 de
1567 2287 1695 2337 viris
1744 2290 1906 2336 aetate
1943 2285 2219 2352 provectis

175 2364 422 2429 adhibet,
477 2385 601 2418 cum
673 2369 866 2419 scribit
896 2390 904 2419 :
987 2368 1370 2431 Aclolescenies,
1443 2368 1645 2419 subditi
1705 2372 1859 2419 estote
1925 2369 2220 2418 senioribus

176 2448 519 2517 (πρεσέυτεροις).
555 2451 718 2519 Apud
750 2451 1076 2503 Matthaeum
1112 2451 1236 2515 XV,
1267 2454 1296 2502 2
1333 2451 1507 2514 Quare
1554 2451 1809 2519 discipuli
1848 2451 1926 2501 tui
1955 2456 2219 2518 transme-

172 2532 399 2585 diuntur
441 2535 788 2587 irad-itionem
836 2535 1101 2587 seniorum
1151 2536 1248 2603 (των
1283 2536 1620 2602 πρε.τςυτερων)ἳ
1663 2553 1759 2603 per
1804 2536 2032 2585 seniores
2079 2535 2218 2585 desi-

177 2624 420 2684 gnantur
448 2618 704 2670 doctores
752 2619 1096 2683 Judaeorum,
1138 2620 1456 2671 traditionis
1502 2623 1772 2670 auctores
1803 2617 1868 2668 In
1898 2617 2219 2685 Evangeliis

177 2705 232 2752 et
260 2701 316 2752 in
345 2701 582 2752 Actibus
630 2703 826 2770 Apost.
874 2702 1069 2753 eodem
1100 2702 1320 2754 nomine
1368 2702 1573 2770 passim
1603 2707 1870 2753 vocantur
1899 2699 2121 2768 quidam
2152 2717 2219 2749 ex

177 2783 546 2834 assessoribus
576 2783 820 2851 synedrii
846 2804 855 2835 :
888 2784 956 2835 cf.
990 2782 1185 2835 Oomm.
1218 2789 1391 2835 nostr.
1421 2802 1462 2835 s.
1496 2782 1689 2835 Matth.
1721 2783 1776 2832 3⁰
1803 2782 1887 2833 ed.
1918 2801 1970 2850 p.
2005 2782 2126 2832 118.

248 2864 306 2916 4⁰
351 2865 745 2917 Verumtamen
799 2885 829 2916 a
877 2866 1063 2917 multis
1101 2866 1214 2934 jam
1259 2866 1472 2929 seculis,
1518 2867 1571 2916 vi
1616 2883 1743 2917 usus
1795 2865 2116 2917 universalis
2164 2864 2218 2914 in

180 2947 432 2998 Ecclesia
458 2946 746 3010 catholica,
773 2947 1043 3016 episcopus
1063 2948 1286 3015 proprie
1310 2948 1513 2998 dicitur
1533 2948 1787 2998 sacerdos
1809 2947 1971 3015 primi
1992 2946 2219 3008 ordinis,

180 3031 272 3100 qui
301 3035 630 3098 potestatem
660 3031 829 3081 habet
858 3031 1280 3081 administrandi
1312 3029 1662 3081 Sacramenta
1692 3029 2134 3080 Confirmationis
2165 3034 2222 3080 et

182 3112 406 3164 Ordinis
422 3133 437 3176 3
473 3112 744 3181 presbyter
785 3131 914 3166 vero
961 3114 1216 3165 sacerdos
1265 3112 1493 3164 secundi
1536 3112 1761 3175 ordinis,
1808 3113 1899 3181 qui
1952 3113 2221 3181 episcopis

183 3194 410 3246 inferior
438 3201 542 3247 est.

255 3275 310 3328 50
352 3277 598 3342 Quaestio
641 3296 788 3330 nunc
833 3283 940 3342 est,
986 3283 1171 3330 utrum
1222 3278 1279 3330 in
1326 3295 1468 3331 novo
1514 3277 1865 3329 Testamento
1907 3278 2051 3338 idem
2098 3295 2226 3328 usus

182 3366 503 3414 constanter
547 3366 800 3414 servatus
844 3361 1039 3425 fuerit3
1086 3360 1222 3413 adeo
1273 3366 1348 3426 ut,
1390 3362 1483 3430 qui
1527 3361 1672 3412 inter
1715 3361 1995 3412 ministros
2045 3379 2226 3412 sacros

244 3496 298 3550 (¹)
322 3499 374 3538 In
395 3501 543 3539 vetere
561 3499 842 3540 Testamento
866 3499 910 3552 (2
932 3499 1055 3539 Esdr.
1082 3500 1161 3548 XI,
1183 3498 1255 3551 22)
1282 3499 1449 3539 mentio
1479 3499 1530 3536 fit
1559 3498 1612 3537 de
1641 3499 1826 3548 episcopo
1861 3500 2118 3548 Levitarum,
2140 3512 2225 3550 qua

187 3564 536 3604 denominatione
556 3565 717 3615 gradus
736 3566 914 3617 quidam
934 3566 1210 3606 auctoritatis
1230 3578 1366 3606 sacrae
1385 3566 1441 3606 ab
1462 3565 1677 3617 episcopis
1699 3565 1858 3625 nostris
1881 3566 2008 3616 longe
2026 3566 2225 3606 diversus

189 3630 436 3672 denotatur.
