2430 4030
918 366 1129 402 sarorio
1167 367 1428 404 MAT'rmAE.
1820 336 1827 342 “
2106 357 2176 410 47

147 499 440 552 ministerii
468 497 648 566 hujus,
681 502 713 539 ³¹<
743 497 815 549 Et
843 498 929 550 hic
958 498 1176 568 quidem
1213 501 1459 568 possedit
1485 519 1675 570 agrum
1706 503 1772 554 de
1799 505 2046 557 mercede
2074 506 2175 557 ini·
2200 512 2252 553 18

146 585 394 656 quitatiS,
416 589 471 636 et
493 601 792 652 suspensus
817 585 1029 652 crepuit
1051 585 1288 637 medius:
1320 591 1374 638 et
1397 581 1591 639 diffusa
1612 593 1738 639 sunt
1765 590 1945 640 omnia
1970 591 2177 643 viscera

146 668 281 738 ejus,
327 672 360 710 *
405 668 476 719 Et
504 672 695 718 notum
725 667 929 718 factum
959 672 1044 718 est
1073 668 1326 720 omnibus
1353 669 1730 722 habitantibus
1757 673 2074 737 Jerusalem,
2105 674 2178 725 ita
2203 682 2253 722 19

149 756 210 804 ut
235 751 606 821 appellaretur
632 767 768 818 ager
796 749 907 812 ille,
936 749 1123 818 lingua
1150 768 1355 814 eorum,
1389 752 1733 816 Haceldama‚
1778 755 1879 806 hoc
1906 759 2005 818 est,
2050 774 2180 824 ager

151 834 456 904 sanguinis.
485 837 518 874 ²¹<
550 832 830 901 Scriptum
860 837 944 884 est
971 833 1114 884 enim
1142 833 1198 884 in
1226 833 1366 886 libro
1398 834 1731 887 Psalmorum
1754 856 1764 887 :
1798 836 1920 888 Fiat
1946 855 2177 890 commo·
2202 851 2256 891 20

157 1069 267 1108 sors,
293 1062 452 1111 κληρος,
479 1055 604 1111 sign.
630 1060 818 1112 partem
843 1068 986 1112 quam
1021 1054 1193 1112 aliquis
1227 1069 1311 1110 per
1339 1059 1517 1099 sortem
1538 1054 1747 1108 obtinet;
1781 1055 1889 1100 inde
1912 1056 2180 1112 generatim

152 1133 348 1188 partem,
385 1143 572 1180 munus,
610 1128 837 1186 officium5
878 1127 1037 1172 innuit
1079 1128 1223 1172 etiam
1262 1142 1436 1172 munus
1474 1128 1593 1172 illud
1628 1129 1829 1184 yratuito
1869 1133 1916 1174 et
1954 1129 2182 1174 divinitus

156 1200 395 1244 traditum
437 1198 605 1243 fuisse.

219 1269 287 1313 18.
315 1269 374 1312 In
400 1268 624 1313 versibus
661 1268 716 1312 18
750 1274 798 1312 et
833 1268 885 1310 19
921 1267 1224 1323 parenthesis
1258 1272 1332 1310 est
1364 1267 1610 1319 historica,
1644 1282 1737 1325 qua
1770 1283 1807 1312 s.
1842 1268 2012 1321 Lucas,
2035 1283 2183 1326 quum

160 1339 484 1398 Theophilum
512 1339 656 1383 Judae
681 1338 861 1383 exitum
888 1337 935 1380 in
961 1337 1226 1394 Evangelio
1249 1351 1344 1380 non
1369 1337 1627 1389 docuisset,
1651 1337 1700 1381 id
1721 1352 1849 1382 nunc
1883 1337 1994 1382 data
2017 1352 2184 1394 oppor-

158 1411 370 1456 tunitate
402 1409 532 1454 facit.
564 1407 665 1453 *De
705 1409 843 1454 Weite
875 1407 1023 1452 verba
1055 1407 1135 1450 illa
1170 1407 1311 1450 Lucae
1344 1406 1600 1451 tribuenda
1638 1421 1742 1451 esse
1777 1411 1936 1463 negat,
1975 1407 2024 1450 in
2062 1407 2186 1451 hunc

141 1482 304 1527 ‘finem
347 1488 404 1526 ut
451 1482 666 1525 Actuum
707 1486 953 1524 auctorem
998 1478 1322 1535 reprehendat
1364 1479 1501 1535 quasi
1548 1479 1679 1522 Petri
1724 1479 1986 1524 orationem
2030 1479 2188 1534 inepte

36 2792 39 2799 .
51 2760 54 2762 Ι
16 2738 19 2739 ’
16 2454 54 2716 εῄφῠμςι-ρὸιῆῳμ
26 2369 34 2381 ¹·

75 2805 85 2820 .

163 1552 470 1603 reddidisset,
493 1565 642 1608 quum
676 1550 782 1594 fieri
816 1553 1022 1607 nequeat
1058 1555 1110 1592 ut
1149 1548 1316 1591 Petrus
1349 1548 1566 1605 linguam
1600 1562 1735 1591 suam
1767 1547 2006 1591 vocaverit
2030 1547 2089 1598 (v.
2117 1548 2187 1602 19)

161 1623 404 1681 propriam
444 1622 657 1679 ipsorum
696 1619 926 1677 linquam.
967 1619 1152 1664 Verum
1188 1618 1278 1661 iste
1321 1618 1639 1662 Rationalista
1675 1618 1792 1661 falso
1825 1618 1994 1660 nititur
2027 1617 2188 1661 funda-

164 1698 342 1744 mento,
384 1692 631 1735 nimirum
681 1704 765 1746 per
811 1688 1075 1746 particulas
1115 1706 1186 1739 μεν
1235 1706 1299 1730 ουν
1352 1688 1506 1740 (initio
1556 1702 1600 1731 v.
1660 1685 1729 1738 18)
1786 1687 2030 1743 sequentia
2085 1701 2190 1730 cum

169 1762 556 1820 praecedentibus
589 1765 720 1805 arcte
753 1759 999 1812 connecti3
1034 1758 1263 1802 connexio
1295 1758 1489 1814 quidem
1515 1756 1812 1801 admittenda
1845 1760 1932 1805 est,
1968 1756 2049 1799 sed
2082 1756 2191 1800 talis

168 1840 222 1879 ut
264 1834 405 1877 simul
445 1833 532 1877 fiat
565 1831 793 1875 transitio
830 1831 890 1874 ad
929 1829 1256 1888 parenthesim
1290 1829 1583 1872 historicam.
1617 1851 1672 1858 —
1705 1827 1927 1871 Possmm
1963 1828 2189 1879 (εκτησατο,

167 1901 564 1962 sibiacquisivit)
603 1913 774 1945 AGRUM
806 1913 865 1944 nn
900 1911 1125 1943 MERCEDE
1167 1907 1254 1942 etc.
1296 1897 1611 1949 Catachresis‚
1645 1911 1730 1953 pro
1760 1911 1868 1952 ayer
1899 1900 2073 1951 emptus
2093 1894 2193 1949 fuit

166 1973 260 2025 illi,
292 1974 321 2016 i.
356 1988 396 2017 e.
432 1973 531 2030 ejus
567 1972 801 2030 pecunia;
836 1985 944 2028 quae
976 1969 1168 2027 quidem
1204 1969 1403 2024 pecunia
1438 1982 1603 2011 merces
1640 1972 1740 2011 erat
1776 1965 2044 2023 iniquitatis
2083 1965 2191 2021 ejus,

173 2044 411 2102 siquidem
450 2058 554 2088 eam
593 2043 643 2086 in
683 2041 952 2086 mercedem
992 2039 1154 2096 impiae
1195 2038 1484 2095 proditionis
1517 2041 1775 2094 acceperat.

230 2114 496 2158 Sosmznsns
521 2125 720 2157 caurum
742 2124 939 2155 Mennis.
968 2110 1092 2155 Loco
1125 2123 1371 2167 suspensus
1393 2121 1547 2164 graece
1572 2107 1772 2151 babetur
1795 2125 1942 2162 πρηνης
1972 2122 2191 2159 γενομενος,

165 2199 343 2242 pronus
356 2184 532 2241 factus,
557 2198 640 2227 seu
667 2197 810 2240 quum
840 2195 1038 2238 prceeeps
1070 2180 1122 2224 in
1154 2183 1326 2223 terram
1359 2177 1600 2228 cecidisset,
1629 2181 1758 2232 puta,
1784 2183 1926 2231 rupto
1952 2175 2062 2217 fune
2089 2187 2196 2229 quo,

170 2260 226 2298 ut
263 2258 437 2298 narrat
467 2252 733 2298 Matthaeus
770 2251 988 2302 XXVII,
1031 2251 1072 2302 5,
1115 2263 1164 2292 se
1203 2248 1546 2304 suspenderat3
1587 2246 1633 2290 vi
1671 2250 1831 2288 autem
1870 2244 2032 2299 lapsus
2070 2242 2195 2284 illius

169 2323 344 2380 crepuit
366 2323 560 2373 medius,
595 2321 702 2366 ideo
736 2326 866 2365 certe
898 2319 1026 2377 quod
1062 2335 1084 2361 e
1120 2319 1220 2363 loco
1253 2318 1381 2361 edito
1412 2317 1488 2360 vel
1522 2329 1546 2357 e
1571 2329 1688 2370 rupe
1723 2315 1882 2369 lapsus
1915 2311 2071 2354 fuerit.
2097 2310 2197 2354 Hac

167 2385 488 2450 'explicatione
528 2391 775 2436 conciliari
802 2396 1005 2446 possunt
1040 2388 1340 2432 narrationes
1370 2384 1509 2428 Lucae
1543 2390 1590 2428 et
1624 2382 1858 2426 Matthaei.
1891 2380 2046 2423 Aliam
2082 2393 2195 2434 pree·

170 2466 302 2507 terea
342 2459 811 2517 interpretationem,
852 2464 901 2502 et
938 2458 1060 2502 forte
1103 2456 1364 2505 meliorem,
1403 2455 1451 2496 in
1494 2453 1663 2498 Oomm.
1707 2460 1870 2494 nostro
1910 2464 1944 2493 s.
1987 2447 2197 2492 Matthaei

173 2531 239 2587 (3⁸
260 2530 333 2576 ed.
358 2546 405 2588 p.
431 2531 548 2575 1084
573 2530 666 2587 sq.)
690 2528 925 2573 dedimus.
951 2527 1299 2572 Verumtamen
1323 2522 1769 2572 animadvertimus,
1802 2519 1989 2563 etiamsi
2021 2516 2195 2573 conjec-

174 2609 298 2647 turae
322 2601 430 2646 istae
452 2601 678 2657 cuiquam
708 2599 869 2642 minus
892 2596 1151 2647 arrideant,
1176 2594 1542 2650 haudquaquam
1567 2591 1609 2633 ei
1633 2591 1816 2633 licitum
1843 2602 1945 2632 esse
1967 2587 2197 2631 affirmare

177 2671 440 2730 scriptores
466 2685 627 2715 sacros
650 2669 781 2713 inter
814 2683 864 2712 se
899 2681 1126 2723 pugnare,
1161 2665 1370 2721 adeoque
1402 2661 1529 2719 apud
1563 2661 1848 2703 alterutrum
1881 2657 2052 2701 falsum
2085 2654 2200 2713 quid

177 2744 394 2801 reperiri.
429 2743 522 2788 Tot
555 2742 683 2787 enim
716 2746 945 2798 tantaque
979 2743 1095 2782 sunt
1127 2740 1413 2794 argumenta
1437 2732 1670 2777 exteriora
1693 2736 1739 2775 et
1762 2729 2002 2780 interiora,
2030 2726 2199 2784 quibus

176 2820 225 2859 et
264 2815 502 2859 veracitas
546 2811 802 2869 utriusque
841 2818 888 2854 et
926 2809 1090 2852 divina
1127 2805 1381 2862 inspiratio
1425 2804 1833 2851 demonstrentur,
1876 2803 1943 2849 ut,
1983 2796 2198 2854 quamvis

177 2885 227 2929 in
244 2899 356 2930 casu
375 2884 584 2943 quodam
611 2881 890 2940 particulari
917 2884 1095 2923 certam
1122 2874 1465 2921 conciliationis
1489 2873 1720 2916 rationem
1743 2883 1837 2912 non
1860 2868 2200 2916 inveniremus,

142 2961 143 2964 ’
175 2956 370 3010 fannon
393 2961 523 3000 esset
545 2954 658 2998 inde
682 2951 967 2997 concludere
991 2963 1156 2994 eorum
1180 2946 1477 2990 narrationes
1511 2941 1774 2987 contrarias
1801 2952 1903 2982 esse
1927 2956 1936 2980 z
1960 2941 2201 2992 oporteret

180 3026 342 3082 potius
375 3032 590 3070 nostram
613 3023 755 3068 fateri
781 3019 1121 3078 ignorantiam,
1144 3031 1199 3060 ex
1222 3015 1381 3071 inopia
1415 3014 1804 3057 documentorum
1830 3011 2060 3054 veterum,
2093 3018 2200 3060 quae

179 3108 350 3140 omnes
382 3094 452 3138 rei
486 3098 640 3150 gestae
672 3091 886 3136 rationes
919 3087 1167 3145 adjunctas
1201 3084 1421 3133 referant,
1449 3083 1658 3124 exortam
1687 3078 1866 3131 (contra
1897 3075 1993 3120 *De
2031 3072 2201 3124 Wette).

238 3165 309 3208 19.
333 3163 404 3207 ΕΤ
423 3175 587 3207 NOTUM
607 3173 795 3206 FAGTUM
827 3170 922 3210 EST,
957 3171 1021 3201 sc.
1055 3169 1226 3211 agrum
1261 3154 1395 3196 illum
1420 3153 1633 3206 emptum
1661 3146 1811 3189 fuisse
1843 3143 2041 3202 pecunia
2062 3155 2202 3199 quam

86 3222 129 3250 ''
181 3233 335 3279 Judas
370 3238 617 3291 tamquam
657 3231 868 3288 pretium
907 3225 1194 3285 proditionis
1233 3226 1492 3278 acceperat.
1536 3242 1589 3248 —
1630 3217 1710 3259 ITA
1752 3227 1809 3258 Ur
1855 3221 2203 3258 APPELLARETUR

180 3314 357 3367 LINGUA
386 3315 552 3347 EORUM
589 3303 656 3357 (τῃ
679 3306 758 3354 ιδιᾳ
791 3304 984 3350 διαλεκτῳ
1017 3314 1162 3347 αυτων,
1200 3293 1363 3349 linqua
1392 3290 1508 3347 ipsis
1538 3286 1747 3345 propria)
1775 3285 2090 3339 ‚HACELDAMA.
2118 3279 2204 3322 Illa

68 3368 134 3432 J
183 3373 345 3417 autem
378 3372 560 3427 lingua,
594 3372 644 3415 id
676 3369 910 3426 temporis
943 3369 992 3410 in
1032 3362 1284 3409 Palaestina
1316 3358 1545 3416 vulgaris,
1578 3361 1680 3400 erat
1719 3354 1949 3398 dialectus
1990 3348 2202 3407 quaedam

3 3435 11 3454 ⁵
184 3444 365 3502 linguae
403 3444 623 3495 hebraeae,
665 3456 773 3501 quae
820 3433 1419 3484 Aramoeo-Palaestinensis,
1459 3431 1551 3478 vel,
1590 3428 1851 3472 secundum
1894 3423 2028 3473 alios,
2069 3420 2202 3476 Syro·

189 3511 413 3559 Ohaldaea
454 3519 668 3564 vocatur,
711 3523 916 3570 quaeque
948 3508 1008 3552 ad
1042 3507 1256 3561 linguam
1304 3501 1550 3559 Syriacam
1598 3497 1804 3541 multum
1843 3491 2035 3538 accedit.
2076 3488 2201 3533 Vide

100 3580 588 3633 rss-pDissertationem
621 3591 839 3626 nostram
871 3579 920 3622 in
958 3576 1129 3621 Gomm.
1161 3589 1195 3616 s.
1229 3569 1455 3620 Matthae'i,
1498 3569 1546 3610 3a
1587 3567 1659 3610 ed.
1702 3581 1746 3621 p.
1779 3564 1902 3627 '1504
1943 3575 2012 3616 sq-

100 3650 194 3714 314<
232 3647 320 3698 120(
340 3651 624 3698 Resumitur
657 3651 782 3695 Petri
803 3647 970 3694 oratio.
997 3646 1112 3689 Ε’[ΑΤ
1139 3652 1438 3686 COMMORATto
1471 3649 1629 3681 EORUM
1661 3646 1860 3679 nassum
1885 3650 1893 3674 ε
1923 3631 2018 3674 loco
2051 3637 2203 3670 eorum
