<?xml version="1.0" encoding="UTF-8"?>
<!DOCTYPE html PUBLIC "-//W3C//DTD XHTML 1.0 Transitional//EN"
    "http://www.w3.org/TR/xhtml1/DTD/xhtml1-transitional.dtd">
<html xmlns="http://www.w3.org/1999/xhtml" xml:lang="en" lang="en">
 <head>
  <title>
</title>
<meta http-equiv="Content-Type" content="text/html;charset=utf-8" />
  <meta name='ocr-system' content='tesseract 3.04.00' />
  <meta name='ocr-capabilities' content='ocr_page ocr_carea ocr_par ocr_line ocrx_word'/>
</head>
<body>
  <div class='ocr_page' id='page_1' title='image "actusapostolorum00steeuoft_0026.png"; bbox 0 0 2430 4030; ppageno 0'>
   <div class='ocr_carea' id='block_1_1' title="bbox 215 371 1780 422">
    <p class='ocr_par' dir='ltr' id='par_1_1' title="bbox 215 371 1780 422">
     <span class='ocr_line' id='line_1_1' title="bbox 215 371 1780 422; baseline -0.002 0"><span class='ocrx_word' id='word_1_1' title='bbox 215 371 282 422; x_wconf 84' lang='lat'>20</span> <span class='ocrx_word' id='word_1_2' title='bbox 704 383 1052 419; x_wconf 69' lang='lat' dir='ltr'>mraonuc&#39;rlo</span> <span class='ocrx_word' id='word_1_3' title='bbox 1092 385 1149 419; x_wconf 77' lang='lat' dir='ltr'>m</span> <span class='ocrx_word' id='word_1_4' title='bbox 1189 384 1349 419; x_wconf 71' lang='lat' dir='ltr'>Ao&#39;rus</span> <span class='ocrx_word' id='word_1_5' title='bbox 1391 383 1780 420; x_wconf 77' lang='lat' dir='ltr'>ArosToLomm.</span> 
     </span>
    </p>
   </div>
   <div class='ocr_carea' id='block_1_2' title="bbox 1967 463 2255 468">
    <p class='ocr_par' dir='ltr' id='par_1_2' title="bbox 1967 463 2255 468">
     <span class='ocr_line' id='line_1_2' title="bbox 1967 463 2255 468; baseline 0 0"><span class='ocrx_word' id='word_1_6' title='bbox 1967 463 2255 468; x_wconf 95' lang='lat' dir='ltr'> </span> 
     </span>
    </p>
   </div>
   <div class='ocr_carea' id='block_1_3' title="bbox 210 514 2268 2752">
    <p class='ocr_par' dir='ltr' id='par_1_3' title="bbox 210 514 2268 755">
     <span class='ocr_line' id='line_1_3' title="bbox 285 514 2268 587; baseline -0.001 -19"><span class='ocrx_word' id='word_1_7' title='bbox 285 520 338 569; x_wconf 84' lang='lat'>3⁰</span> <span class='ocrx_word' id='word_1_8' title='bbox 380 517 749 569; x_wconf 83' lang='lat' dir='ltr'>Probabiliter</span> <span class='ocrx_word' id='word_1_9' title='bbox 778 518 1109 570; x_wconf 89' lang='lat' dir='ltr'>documenta</span> <span class='ocrx_word' id='word_1_10' title='bbox 1146 517 1357 587; x_wconf 86' lang='lat' dir='ltr'>scripta</span> <span class='ocrx_word' id='word_1_11' title='bbox 1396 517 1569 586; x_wconf 85' lang='lat' dir='ltr'>ipsius</span> <span class='ocrx_word' id='word_1_12' title='bbox 1610 517 1770 568; x_wconf 81' lang='lat' dir='ltr'>Lucae</span> <span class='ocrx_word' id='word_1_13' title='bbox 1804 516 1890 568; x_wconf 89' lang='lat' dir='ltr'>vel</span> <span class='ocrx_word' id='word_1_14' title='bbox 1918 516 2165 566; x_wconf 86' lang='lat' dir='ltr'>aliorum.</span> <span class='ocrx_word' id='word_1_15' title='bbox 2196 514 2268 566; x_wconf 82' lang='lat' dir='ltr'>Et</span> 
     </span>
     <span class='ocr_line' id='line_1_4' title="bbox 210 599 2266 673; baseline -0.002 -18"><span class='ocrx_word' id='word_1_16' title='bbox 210 623 268 656; x_wconf 91' lang='lat' dir='ltr'>re</span> <span class='ocrx_word' id='word_1_17' title='bbox 298 604 518 673; x_wconf 91' lang='lat' dir='ltr'>quidem</span> <span class='ocrx_word' id='word_1_18' title='bbox 551 622 698 668; x_wconf 88' lang='lat' dir='ltr'>vera,</span> <span class='ocrx_word' id='word_1_19' title='bbox 751 604 1015 655; x_wconf 89' lang='lat' dir='ltr'>nonnulla</span> <span class='ocrx_word' id='word_1_20' title='bbox 1047 604 1376 655; x_wconf 85' lang='lat' dir='ltr'>documenta</span> <span class='ocrx_word' id='word_1_21' title='bbox 1404 604 1628 671; x_wconf 84' lang='lat' dir='ltr'>scripta,</span> <span class='ocrx_word' id='word_1_22' title='bbox 1677 602 1839 654; x_wconf 90' lang='lat' dir='ltr'>nobis</span> <span class='ocrx_word' id='word_1_23' title='bbox 1867 600 2167 670; x_wconf 86' lang='lat' dir='ltr'>incognita,</span> <span class='ocrx_word' id='word_1_24' title='bbox 2197 599 2266 651; x_wconf 86' lang='lat' dir='ltr'>ab</span> 
     </span>
     <span class='ocr_line' id='line_1_5' title="bbox 210 685 1822 755; baseline -0.002 -16"><span class='ocrx_word' id='word_1_25' title='bbox 210 695 431 740; x_wconf 90' lang='lat' dir='ltr'>auctore</span> <span class='ocrx_word' id='word_1_26' title='bbox 458 688 627 739; x_wconf 90' lang='lat' dir='ltr'>fuisse</span> <span class='ocrx_word' id='word_1_27' title='bbox 654 688 929 750; x_wconf 87' lang='lat' dir='ltr'>adhibita,</span> <span class='ocrx_word' id='word_1_28' title='bbox 963 687 1198 739; x_wconf 90' lang='lat' dir='ltr'>suadent</span> <span class='ocrx_word' id='word_1_29' title='bbox 1229 692 1522 755; x_wconf 75' lang='lat' dir='ltr'>sequentes</span> <span class='ocrx_word' id='word_1_30' title='bbox 1549 685 1790 737; x_wconf 90' lang='lat' dir='ltr'>rationes</span> <span class='ocrx_word' id='word_1_31' title='bbox 1813 705 1822 736; x_wconf 97' lang='lat'><strong>:</strong></span> 
     </span>
    </p>

    <p class='ocr_par' dir='ltr' id='par_1_4' title="bbox 211 766 2266 1006">
     <span class='ocr_line' id='line_1_6' title="bbox 282 766 2266 840; baseline -0.003 -18"><span class='ocrx_word' id='word_1_32' title='bbox 282 770 337 839; x_wconf 77' lang='lat' dir='ltr'>a]</span> <span class='ocrx_word' id='word_1_33' title='bbox 381 771 643 840; x_wconf 85' lang='lat' dir='ltr'>Epistolae</span> <span class='ocrx_word' id='word_1_34' title='bbox 687 772 811 823; x_wconf 84' lang='lat' dir='ltr'>duae</span> <span class='ocrx_word' id='word_1_35' title='bbox 855 772 1120 839; x_wconf 74' lang='lat' dir='ltr'>leguntur</span> <span class='ocrx_word' id='word_1_36' title='bbox 1165 770 1398 822; x_wconf 92' lang='lat' dir='ltr'>totidem</span> <span class='ocrx_word' id='word_1_37' title='bbox 1448 770 1634 821; x_wconf 88' lang='lat' dir='ltr'>verbis</span> <span class='ocrx_word' id='word_1_38' title='bbox 1682 770 1923 832; x_wconf 74' lang='lat' dir='ltr'>insertae,</span> <span class='ocrx_word' id='word_1_39' title='bbox 1977 785 2095 836; x_wconf 91' lang='lat' dir='ltr'>cap.</span> <span class='ocrx_word' id='word_1_40' title='bbox 2139 766 2266 830; x_wconf 90' lang='lat' dir='ltr'>XV,</span> 
     </span>
     <span class='ocr_line' id='line_1_7' title="bbox 211 852 2264 921; baseline -0.003 -15"><span class='ocrx_word' id='word_1_41' title='bbox 211 856 380 906; x_wconf 81' lang='lat'>23-29</span> <span class='ocrx_word' id='word_1_42' title='bbox 409 860 464 906; x_wconf 92' lang='lat' dir='ltr'>et</span> <span class='ocrx_word' id='word_1_43' title='bbox 491 854 709 918; x_wconf 84' lang='lat' dir='ltr'>XXIII,</span> <span class='ocrx_word' id='word_1_44' title='bbox 755 855 957 906; x_wconf 74' lang='lat'>26-302</span> <span class='ocrx_word' id='word_1_45' title='bbox 1004 873 1094 905; x_wconf 88' lang='lat' dir='ltr'>eas</span> <span class='ocrx_word' id='word_1_46' title='bbox 1137 859 1316 905; x_wconf 89' lang='lat' dir='ltr'>autem</span> <span class='ocrx_word' id='word_1_47' title='bbox 1360 872 1390 904; x_wconf 88' lang='lat' dir='ltr'>a</span> <span class='ocrx_word' id='word_1_48' title='bbox 1432 853 1575 904; x_wconf 87' lang='lat' dir='ltr'>Luca</span> <span class='ocrx_word' id='word_1_49' title='bbox 1621 852 1955 921; x_wconf 89' lang='lat' dir='ltr'>compositas</span> <span class='ocrx_word' id='word_1_50' title='bbox 1992 857 2048 901; x_wconf 90' lang='lat' dir='ltr'>et</span> <span class='ocrx_word' id='word_1_51' title='bbox 2080 868 2264 901; x_wconf 90' lang='lat' dir='ltr'>narra-</span> 
     </span>
     <span class='ocr_line' id='line_1_8' title="bbox 211 935 1782 1006; baseline -0.002 -17"><span class='ocrx_word' id='word_1_52' title='bbox 211 937 347 990; x_wconf 85' lang='lat' dir='ltr'>tioni</span> <span class='ocrx_word' id='word_1_53' title='bbox 375 937 813 989; x_wconf 86' lang='lat' dir='ltr'>accommodatas</span> <span class='ocrx_word' id='word_1_54' title='bbox 841 937 1028 1000; x_wconf 87' lang='lat' dir='ltr'>fuisse,</span> <span class='ocrx_word' id='word_1_55' title='bbox 1061 953 1408 1006; x_wconf 85' lang='lat' dir='ltr'>nequaquam</span> <span class='ocrx_word' id='word_1_56' title='bbox 1438 935 1549 987; x_wconf 92' lang='lat' dir='ltr'>dici</span> <span class='ocrx_word' id='word_1_57' title='bbox 1578 941 1782 1004; x_wconf 89' lang='lat' dir='ltr'>potest.</span> 
     </span>
    </p>

    <p class='ocr_par' dir='ltr' id='par_1_5' title="bbox 210 1018 2267 1735">
     <span class='ocr_line' id='line_1_9' title="bbox 283 1018 2264 1089; baseline -0.003 -17"><span class='ocrx_word' id='word_1_58' title='bbox 283 1018 345 1089; x_wconf 78' lang='lat' dir='ltr'>bs</span> <span class='ocrx_word' id='word_1_59' title='bbox 385 1020 541 1072; x_wconf 88' lang='lat' dir='ltr'>Idem</span> <span class='ocrx_word' id='word_1_60' title='bbox 571 1021 795 1071; x_wconf 90' lang='lat' dir='ltr'>innuere</span> <span class='ocrx_word' id='word_1_61' title='bbox 824 1020 1044 1073; x_wconf 87' lang='lat' dir='ltr'>videtur</span> <span class='ocrx_word' id='word_1_62' title='bbox 1073 1019 1339 1071; x_wconf 90' lang='lat' dir='ltr'>orationis</span> <span class='ocrx_word' id='word_1_63' title='bbox 1369 1019 1680 1088; x_wconf 83' lang='lat' dir='ltr'>longitude,</span> <span class='ocrx_word' id='word_1_64' title='bbox 1720 1037 1826 1086; x_wconf 89' lang='lat' dir='ltr'>qua</span> <span class='ocrx_word' id='word_1_65' title='bbox 1854 1018 2028 1069; x_wconf 89' lang='lat' dir='ltr'>utitur</span> <span class='ocrx_word' id='word_1_66' title='bbox 2055 1021 2264 1079; x_wconf 88' lang='lat' dir='ltr'>auctor,</span> 
     </span>
     <span class='ocr_line' id='line_1_10' title="bbox 210 1100 2264 1173; baseline -0.002 -18"><span class='ocrx_word' id='word_1_67' title='bbox 210 1104 266 1155; x_wconf 88' lang='lat' dir='ltr'>in</span> <span class='ocrx_word' id='word_1_68' title='bbox 295 1104 475 1173; x_wconf 87' lang='lat' dir='ltr'>priore</span> <span class='ocrx_word' id='word_1_69' title='bbox 503 1103 628 1155; x_wconf 86' lang='lat' dir='ltr'>libri</span> <span class='ocrx_word' id='word_1_70' title='bbox 657 1108 831 1172; x_wconf 90' lang='lat' dir='ltr'>parte,</span> <span class='ocrx_word' id='word_1_71' title='bbox 878 1121 1003 1154; x_wconf 93' lang='lat' dir='ltr'>cum</span> <span class='ocrx_word' id='word_1_72' title='bbox 1053 1120 1331 1154; x_wconf 86' lang='lat' dir='ltr'>sermones</span> <span class='ocrx_word' id='word_1_73' title='bbox 1378 1108 1433 1153; x_wconf 90' lang='lat' dir='ltr'>et</span> <span class='ocrx_word' id='word_1_74' title='bbox 1476 1120 1563 1153; x_wconf 88' lang='lat' dir='ltr'>res</span> <span class='ocrx_word' id='word_1_75' title='bbox 1602 1108 1790 1170; x_wconf 84' lang='lat' dir='ltr'>gestas</span> <span class='ocrx_word' id='word_1_76' title='bbox 1826 1119 1868 1152; x_wconf 81' lang='lat' dir='ltr'>s,</span> <span class='ocrx_word' id='word_1_77' title='bbox 1901 1101 2050 1151; x_wconf 86' lang='lat' dir='ltr'>Petri</span> <span class='ocrx_word' id='word_1_78' title='bbox 2078 1100 2264 1163; x_wconf 91' lang='lat' dir='ltr'>refert,</span> 
     </span>
     <span class='ocr_line' id='line_1_11' title="bbox 211 1185 2264 1254; baseline -0.001 -17"><span class='ocrx_word' id='word_1_79' title='bbox 211 1186 524 1239; x_wconf 88' lang='lat' dir='ltr'>nominibus</span> <span class='ocrx_word' id='word_1_80' title='bbox 554 1187 717 1236; x_wconf 88' lang='lat' dir='ltr'>etiam</span> <span class='ocrx_word' id='word_1_81' title='bbox 748 1185 1051 1249; x_wconf 88' lang='lat' dir='ltr'>hominum,</span> <span class='ocrx_word' id='word_1_82' title='bbox 1095 1186 1187 1253; x_wconf 92' lang='lat' dir='ltr'>qui</span> <span class='ocrx_word' id='word_1_83' title='bbox 1214 1203 1405 1254; x_wconf 90' lang='lat' dir='ltr'>parum</span> <span class='ocrx_word' id='word_1_84' title='bbox 1435 1185 1811 1247; x_wconf 88' lang='lat' dir='ltr'>innotuerant,</span> <span class='ocrx_word' id='word_1_85' title='bbox 1839 1197 2091 1235; x_wconf 86' lang='lat' dir='ltr'>accurate</span> <span class='ocrx_word' id='word_1_86' title='bbox 2120 1200 2264 1234; x_wconf 90' lang='lat' dir='ltr'>com-</span> 
     </span>
     <span class='ocr_line' id='line_1_12' title="bbox 212 1259 2266 1338; baseline -0.002 -18"><span class='ocrx_word' id='word_1_87' title='bbox 212 1270 525 1320; x_wconf 89' lang='lat' dir='ltr'>memoratis</span> <span class='ocrx_word' id='word_1_88' title='bbox 570 1268 659 1328; x_wconf 78' lang='lat' dir='ltr'>(cf,</span> <span class='ocrx_word' id='word_1_89' title='bbox 692 1287 808 1338; x_wconf 87' lang='lat' dir='ltr'>cap.</span> <span class='ocrx_word' id='word_1_90' title='bbox 840 1269 940 1331; x_wconf 87' lang='lat' dir='ltr'>IV,</span> <span class='ocrx_word' id='word_1_91' title='bbox 975 1271 1044 1332; x_wconf 84' lang='lat'>6;</span> <span class='ocrx_word' id='word_1_92' title='bbox 1078 1267 1177 1330; x_wconf 89' lang='lat' dir='ltr'>IX,</span> <span class='ocrx_word' id='word_1_93' title='bbox 1210 1268 1296 1330; x_wconf 84' lang='lat'>33,</span> <span class='ocrx_word' id='word_1_94' title='bbox 1330 1268 1418 1331; x_wconf 82' lang='lat'>36,</span> <span class='ocrx_word' id='word_1_95' title='bbox 1446 1268 1550 1332; x_wconf 74' lang='lat'>433</span> <span class='ocrx_word' id='word_1_96' title='bbox 1582 1267 1716 1331; x_wconf 90' lang='lat' dir='ltr'>XII,</span> <span class='ocrx_word' id='word_1_97' title='bbox 1751 1267 1878 1333; x_wconf 84' lang='lat'>13);</span> <span class='ocrx_word' id='word_1_98' title='bbox 1918 1266 2046 1317; x_wconf 91' lang='lat' dir='ltr'>dum</span> <span class='ocrx_word' id='word_1_99' title='bbox 2075 1259 2266 1335; x_wconf 86' lang='lat' dir='ltr'>postea</span> 
     </span>
     <span class='ocr_line' id='line_1_13' title="bbox 217 1349 2266 1421; baseline -0.002 -18"><span class='ocrx_word' id='word_1_100' title='bbox 217 1353 268 1419; x_wconf 84' lang='lat' dir='ltr'>(a</span> <span class='ocrx_word' id='word_1_101' title='bbox 295 1370 411 1421; x_wconf 89' lang='lat' dir='ltr'>cap.</span> <span class='ocrx_word' id='word_1_102' title='bbox 442 1350 611 1418; x_wconf 89' lang='lat' dir='ltr'>XIII)</span> <span class='ocrx_word' id='word_1_103' title='bbox 661 1351 798 1400; x_wconf 89' lang='lat' dir='ltr'>nihil</span> <span class='ocrx_word' id='word_1_104' title='bbox 827 1351 1062 1419; x_wconf 91' lang='lat' dir='ltr'>amplius</span> <span class='ocrx_word' id='word_1_105' title='bbox 1091 1351 1158 1401; x_wconf 90' lang='lat' dir='ltr'>de</span> <span class='ocrx_word' id='word_1_106' title='bbox 1187 1350 1379 1401; x_wconf 88' lang='lat' dir='ltr'>eodem</span> <span class='ocrx_word' id='word_1_107' title='bbox 1408 1351 1657 1418; x_wconf 88' lang='lat' dir='ltr'>apostolo</span> <span class='ocrx_word' id='word_1_108' title='bbox 1686 1349 1911 1411; x_wconf 90' lang='lat' dir='ltr'>scribat,</span> <span class='ocrx_word' id='word_1_109' title='bbox 1960 1355 2126 1416; x_wconf 86' lang='lat' dir='ltr'>atque</span> <span class='ocrx_word' id='word_1_110' title='bbox 2154 1354 2266 1399; x_wconf 86' lang='lat' dir='ltr'>tam</span> 
     </span>
     <span class='ocr_line' id='line_1_14' title="bbox 212 1431 2267 1505; baseline -0.003 -18"><span class='ocrx_word' id='word_1_111' title='bbox 212 1454 383 1505; x_wconf 86' lang='lat' dir='ltr'>pauca</span> <span class='ocrx_word' id='word_1_112' title='bbox 423 1434 489 1485; x_wconf 91' lang='lat' dir='ltr'>de</span> <span class='ocrx_word' id='word_1_113' title='bbox 530 1434 727 1485; x_wconf 89' lang='lat' dir='ltr'>ceteris</span> <span class='ocrx_word' id='word_1_114' title='bbox 769 1435 1034 1502; x_wconf 89' lang='lat' dir='ltr'>apostolis</span> <span class='ocrx_word' id='word_1_115' title='bbox 1074 1441 1295 1485; x_wconf 88' lang='lat' dir='ltr'>narret:</span> <span class='ocrx_word' id='word_1_116' title='bbox 1342 1434 1499 1502; x_wconf 86' lang='lat' dir='ltr'>cujus</span> <span class='ocrx_word' id='word_1_117' title='bbox 1543 1433 1762 1502; x_wconf 88' lang='lat' dir='ltr'>quidem</span> <span class='ocrx_word' id='word_1_118' title='bbox 1807 1433 1886 1484; x_wconf 90' lang='lat' dir='ltr'>rei</span> <span class='ocrx_word' id='word_1_119' title='bbox 1930 1431 2267 1500; x_wconf 83' lang='lat' dir='ltr'>probabilior</span> 
     </span>
     <span class='ocr_line' id='line_1_15' title="bbox 212 1514 2267 1586; baseline -0.002 -16"><span class='ocrx_word' id='word_1_120' title='bbox 212 1519 503 1586; x_wconf 76' lang='lat' dir='ltr'>explicatio</span> <span class='ocrx_word' id='word_1_121' title='bbox 533 1518 829 1579; x_wconf 89' lang='lat' dir='ltr'>invenitur,</span> <span class='ocrx_word' id='word_1_122' title='bbox 876 1519 922 1567; x_wconf 88' lang='lat' dir='ltr'>si</span> <span class='ocrx_word' id='word_1_123' title='bbox 964 1535 1230 1585; x_wconf 88' lang='lat' dir='ltr'>ponamus</span> <span class='ocrx_word' id='word_1_124' title='bbox 1271 1526 1553 1569; x_wconf 82' lang='lat' dir='ltr'>auctorem</span> <span class='ocrx_word' id='word_1_125' title='bbox 1583 1534 1698 1584; x_wconf 81' lang='lat' dir='ltr'>prae</span> <span class='ocrx_word' id='word_1_126' title='bbox 1729 1515 1979 1566; x_wconf 90' lang='lat' dir='ltr'>manibus</span> <span class='ocrx_word' id='word_1_127' title='bbox 2011 1514 2267 1566; x_wconf 86' lang='lat' dir='ltr'>habuisse</span> 
     </span>
     <span class='ocr_line' id='line_1_16' title="bbox 211 1598 2264 1671; baseline -0.001 -18"><span class='ocrx_word' id='word_1_128' title='bbox 211 1603 432 1671; x_wconf 86' lang='lat' dir='ltr'>aliquod</span> <span class='ocrx_word' id='word_1_129' title='bbox 479 1602 863 1652; x_wconf 74' lang='lat' dir='ltr'>documentum</span> <span class='ocrx_word' id='word_1_130' title='bbox 910 1601 1197 1669; x_wconf 89' lang='lat' dir='ltr'>scriptum,</span> <span class='ocrx_word' id='word_1_131' title='bbox 1249 1601 1305 1651; x_wconf 90' lang='lat' dir='ltr'>in</span> <span class='ocrx_word' id='word_1_132' title='bbox 1348 1618 1454 1669; x_wconf 91' lang='lat' dir='ltr'>quo</span> <span class='ocrx_word' id='word_1_133' title='bbox 1497 1601 1726 1651; x_wconf 88' lang='lat' dir='ltr'>totidem</span> <span class='ocrx_word' id='word_1_134' title='bbox 1774 1600 1882 1652; x_wconf 79' lang='lat' dir='ltr'>illae</span> <span class='ocrx_word' id='word_1_135' title='bbox 1921 1598 1987 1650; x_wconf 87' lang='lat' dir='ltr'>de</span> <span class='ocrx_word' id='word_1_136' title='bbox 2029 1617 2071 1649; x_wconf 85' lang='lat' dir='ltr'>s.</span> <span class='ocrx_word' id='word_1_137' title='bbox 2105 1598 2264 1650; x_wconf 89' lang='lat' dir='ltr'>Petro</span> 
     </span>
     <span class='ocr_line' id='line_1_17' title="bbox 211 1683 996 1735; baseline -0.001 0"><span class='ocrx_word' id='word_1_138' title='bbox 211 1685 550 1735; x_wconf 87' lang='lat' dir='ltr'>narrationes</span> <span class='ocrx_word' id='word_1_139' title='bbox 578 1691 763 1735; x_wconf 89' lang='lat' dir='ltr'>essent</span> <span class='ocrx_word' id='word_1_140' title='bbox 791 1683 996 1735; x_wconf 85' lang='lat' dir='ltr'>relatae.</span> 
     </span>
    </p>

    <p class='ocr_par' dir='ltr' id='par_1_6' title="bbox 211 1766 2266 2335">
     <span class='ocr_line' id='line_1_18' title="bbox 286 1766 2265 1835; baseline -0.001 -17"><span class='ocrx_word' id='word_1_141' title='bbox 286 1766 338 1835; x_wconf 73' lang='lat' dir='ltr'>cl</span> <span class='ocrx_word' id='word_1_142' title='bbox 381 1767 586 1817; x_wconf 83' lang='lat' dir='ltr'>Praeter</span> <span class='ocrx_word' id='word_1_143' title='bbox 632 1784 913 1817; x_wconf 84' lang='lat' dir='ltr'>sermones</span> <span class='ocrx_word' id='word_1_144' title='bbox 964 1767 1128 1829; x_wconf 86' lang='lat' dir='ltr'>Petri,</span> <span class='ocrx_word' id='word_1_145' title='bbox 1177 1766 1468 1835; x_wconf 89' lang='lat' dir='ltr'>ipsissimis</span> <span class='ocrx_word' id='word_1_146' title='bbox 1518 1767 1681 1817; x_wconf 87' lang='lat' dir='ltr'>etiam</span> <span class='ocrx_word' id='word_1_147' title='bbox 1729 1767 1912 1818; x_wconf 89' lang='lat' dir='ltr'>verbis</span> <span class='ocrx_word' id='word_1_148' title='bbox 1963 1766 2265 1818; x_wconf 84' lang='lat' dir='ltr'>recitantur</span> 
     </span>
     <span class='ocr_line' id='line_1_19' title="bbox 213 1849 2266 1918; baseline -0.001 -16"><span class='ocrx_word' id='word_1_149' title='bbox 213 1860 326 1902; x_wconf 89' lang='lat' dir='ltr'>tum</span> <span class='ocrx_word' id='word_1_150' title='bbox 359 1850 632 1901; x_wconf 87' lang='lat' dir='ltr'>uberrima</span> <span class='ocrx_word' id='word_1_151' title='bbox 664 1849 929 1917; x_wconf 84' lang='lat' dir='ltr'>Stephani</span> <span class='ocrx_word' id='word_1_152' title='bbox 958 1849 1213 1918; x_wconf 86' lang='lat' dir='ltr'>apologia</span> <span class='ocrx_word' id='word_1_153' title='bbox 1247 1849 1384 1918; x_wconf 88' lang='lat' dir='ltr'>(cap.</span> <span class='ocrx_word' id='word_1_154' title='bbox 1412 1849 1570 1917; x_wconf 89' lang='lat' dir='ltr'>VII),</span> <span class='ocrx_word' id='word_1_155' title='bbox 1597 1857 1712 1900; x_wconf 91' lang='lat' dir='ltr'>tum</span> <span class='ocrx_word' id='word_1_156' title='bbox 1744 1851 2023 1901; x_wconf 90' lang='lat' dir='ltr'>decretum</span> <span class='ocrx_word' id='word_1_157' title='bbox 2050 1849 2266 1901; x_wconf 90' lang='lat' dir='ltr'>concilii</span> 
     </span>
     <span class='ocr_line' id='line_1_20' title="bbox 215 1931 2264 2003; baseline -0.001 -18"><span class='ocrx_word' id='word_1_158' title='bbox 215 1933 702 2001; x_wconf 89' lang='lat' dir='ltr'>Hierosolymitani</span> <span class='ocrx_word' id='word_1_159' title='bbox 736 1932 874 2001; x_wconf 88' lang='lat' dir='ltr'>(cap.</span> <span class='ocrx_word' id='word_1_160' title='bbox 906 1931 1031 1996; x_wconf 90' lang='lat' dir='ltr'>XV,</span> <span class='ocrx_word' id='word_1_161' title='bbox 1065 1934 1178 2000; x_wconf 82' lang='lat'>23),</span> <span class='ocrx_word' id='word_1_162' title='bbox 1208 1933 1569 2003; x_wconf 80' lang='lat' dir='ltr'>plurimaeque</span> <span class='ocrx_word' id='word_1_163' title='bbox 1603 1933 1753 1983; x_wconf 88' lang='lat' dir='ltr'>Pauli</span> <span class='ocrx_word' id='word_1_164' title='bbox 1783 1934 2057 1985; x_wconf 79' lang='lat' dir='ltr'>orationes</span> <span class='ocrx_word' id='word_1_165' title='bbox 2087 1933 2264 1985; x_wconf 88' lang='lat' dir='ltr'>diver-</span> 
     </span>
     <span class='ocr_line' id='line_1_21' title="bbox 213 2016 2265 2085; baseline -0.002 -15"><span class='ocrx_word' id='word_1_166' title='bbox 213 2018 477 2070; x_wconf 80' lang='lat' dir='ltr'>sissimae:</span> <span class='ocrx_word' id='word_1_167' title='bbox 524 2034 644 2085; x_wconf 88' lang='lat' dir='ltr'>quae</span> <span class='ocrx_word' id='word_1_168' title='bbox 692 2016 911 2084; x_wconf 90' lang='lat' dir='ltr'>quidem</span> <span class='ocrx_word' id='word_1_169' title='bbox 962 2016 1144 2066; x_wconf 89' lang='lat' dir='ltr'>omnia</span> <span class='ocrx_word' id='word_1_170' title='bbox 1188 2017 1305 2067; x_wconf 90' lang='lat' dir='ltr'>loca</span> <span class='ocrx_word' id='word_1_171' title='bbox 1352 2017 1592 2067; x_wconf 88' lang='lat' dir='ltr'>indolem</span> <span class='ocrx_word' id='word_1_172' title='bbox 1640 2017 1775 2068; x_wconf 84' lang='lat' dir='ltr'>adeo</span> <span class='ocrx_word' id='word_1_173' title='bbox 1816 2017 2166 2085; x_wconf 85' lang='lat' dir='ltr'>peculiarem,</span> <span class='ocrx_word' id='word_1_174' title='bbox 2210 2022 2265 2067; x_wconf 90' lang='lat' dir='ltr'>et</span> 
     </span>
     <span class='ocr_line' id='line_1_22' title="bbox 211 2102 2263 2173; baseline -0.001 -18"><span class='ocrx_word' id='word_1_175' title='bbox 211 2103 457 2173; x_wconf 88' lang='lat' dir='ltr'>personis</span> <span class='ocrx_word' id='word_1_176' title='bbox 512 2102 959 2170; x_wconf 85' lang='lat' dir='ltr'>temporibusque</span> <span class='ocrx_word' id='word_1_177' title='bbox 1017 2110 1125 2152; x_wconf 87' lang='lat' dir='ltr'>tam</span> <span class='ocrx_word' id='word_1_178' title='bbox 1184 2104 1427 2170; x_wconf 86' lang='lat' dir='ltr'>perfecte</span> <span class='ocrx_word' id='word_1_179' title='bbox 1495 2110 1915 2170; x_wconf 82' lang='lat' dir='ltr'>congruentem,</span> <span class='ocrx_word' id='word_1_180' title='bbox 1984 2103 2148 2154; x_wconf 89' lang='lat' dir='ltr'>etiam</span> <span class='ocrx_word' id='word_1_181' title='bbox 2209 2102 2263 2153; x_wconf 90' lang='lat' dir='ltr'>in</span> 
     </span>
     <span class='ocr_line' id='line_1_23' title="bbox 213 2185 2262 2256; baseline -0.001 -18"><span class='ocrx_word' id='word_1_182' title='bbox 213 2187 355 2256; x_wconf 85' lang='lat' dir='ltr'>stylo</span> <span class='ocrx_word' id='word_1_183' title='bbox 399 2196 454 2237; x_wconf 89' lang='lat' dir='ltr'>et</span> <span class='ocrx_word' id='word_1_184' title='bbox 501 2186 763 2248; x_wconf 86' lang='lat' dir='ltr'>dictione,</span> <span class='ocrx_word' id='word_1_185' title='bbox 812 2185 1096 2248; x_wconf 84' lang='lat' dir='ltr'>exhibent,</span> <span class='ocrx_word' id='word_1_186' title='bbox 1136 2194 1194 2235; x_wconf 84' lang='lat' dir='ltr'>ut</span> <span class='ocrx_word' id='word_1_187' title='bbox 1233 2187 1429 2237; x_wconf 90' lang='lat' dir='ltr'>merito</span> <span class='ocrx_word' id='word_1_188' title='bbox 1476 2187 1697 2255; x_wconf 88' lang='lat' dir='ltr'>vapulet</span> <span class='ocrx_word' id='word_1_189' title='bbox 1740 2190 1772 2226; x_wconf 70' lang='lat'>²¹&lt;</span> <span class='ocrx_word' id='word_1_190' title='bbox 1809 2186 2099 2250; x_wconf 74' lang='lat' dir='ltr'>Eichlzorn,</span> <span class='ocrx_word' id='word_1_191' title='bbox 2139 2203 2262 2237; x_wconf 91' lang='lat' dir='ltr'>cum</span> 
     </span>
     <span class='ocr_line' id='line_1_24' title="bbox 213 2268 1573 2335; baseline 0 -15"><span class='ocrx_word' id='word_1_192' title='bbox 213 2269 510 2320; x_wconf 87' lang='lat' dir='ltr'>contendat</span> <span class='ocrx_word' id='word_1_193' title='bbox 543 2287 604 2318; x_wconf 89' lang='lat' dir='ltr'>ea</span> <span class='ocrx_word' id='word_1_194' title='bbox 641 2268 708 2318; x_wconf 90' lang='lat' dir='ltr'>ab</span> <span class='ocrx_word' id='word_1_195' title='bbox 746 2269 867 2335; x_wconf 89' lang='lat' dir='ltr'>ipso</span> <span class='ocrx_word' id='word_1_196' title='bbox 916 2268 1062 2318; x_wconf 76' lang='lat' dir='ltr'>Luca</span> <span class='ocrx_word' id='word_1_197' title='bbox 1105 2268 1341 2320; x_wconf 90' lang='lat' dir='ltr'>conficta</span> <span class='ocrx_word' id='word_1_198' title='bbox 1387 2269 1573 2320; x_wconf 89' lang='lat' dir='ltr'>fuisse.</span> 
     </span>
    </p>

    <p class='ocr_par' dir='ltr' id='par_1_7' title="bbox 211 2350 2266 2752">
     <span class='ocr_line' id='line_1_25' title="bbox 286 2350 2262 2421; baseline -0.001 -18"><span class='ocrx_word' id='word_1_199' title='bbox 286 2353 543 2403; x_wconf 89' lang='lat' dir='ltr'>Admissa</span> <span class='ocrx_word' id='word_1_200' title='bbox 606 2358 788 2402; x_wconf 91' lang='lat' dir='ltr'>autem</span> <span class='ocrx_word' id='word_1_201' title='bbox 854 2351 946 2400; x_wconf 92' lang='lat' dir='ltr'>illa</span> <span class='ocrx_word' id='word_1_202' title='bbox 1002 2350 1320 2419; x_wconf 86' lang='lat' dir='ltr'>conjectura</span> <span class='ocrx_word' id='word_1_203' title='bbox 1374 2352 1440 2402; x_wconf 89' lang='lat' dir='ltr'>de</span> <span class='ocrx_word' id='word_1_204' title='bbox 1498 2352 1841 2403; x_wconf 86' lang='lat' dir='ltr'>documentis</span> <span class='ocrx_word' id='word_1_205' title='bbox 1906 2353 2129 2421; x_wconf 89' lang='lat' dir='ltr'>scriptis</span> <span class='ocrx_word' id='word_1_206' title='bbox 2194 2351 2262 2402; x_wconf 85' lang='lat' dir='ltr'>ab</span> 
     </span>
     <span class='ocr_line' id='line_1_26' title="bbox 211 2434 2266 2504; baseline -0.001 -17"><span class='ocrx_word' id='word_1_207' title='bbox 211 2436 590 2504; x_wconf 85' lang='lat' dir='ltr'>hagiographo</span> <span class='ocrx_word' id='word_1_208' title='bbox 628 2435 911 2498; x_wconf 87' lang='lat' dir='ltr'>adhibitis,</span> <span class='ocrx_word' id='word_1_209' title='bbox 950 2434 1106 2485; x_wconf 79' lang='lat' dir='ltr'>facile</span> <span class='ocrx_word' id='word_1_210' title='bbox 1147 2434 1454 2502; x_wconf 82' lang='lat' dir='ltr'>explicatur</span> <span class='ocrx_word' id='word_1_211' title='bbox 1492 2437 1631 2486; x_wconf 84' lang='lat' dir='ltr'>ratio</span> <span class='ocrx_word' id='word_1_212' title='bbox 1661 2453 1827 2503; x_wconf 90' lang='lat' dir='ltr'>quare</span> <span class='ocrx_word' id='word_1_213' title='bbox 1856 2444 1938 2487; x_wconf 89' lang='lat' dir='ltr'>tot</span> <span class='ocrx_word' id='word_1_214' title='bbox 1970 2435 2266 2486; x_wconf 87' lang='lat' dir='ltr'>hebraismi</span> 
     </span>
     <span class='ocr_line' id='line_1_27' title="bbox 212 2518 2262 2588; baseline -0 -19"><span class='ocrx_word' id='word_1_215' title='bbox 212 2520 357 2587; x_wconf 83' lang='lat' dir='ltr'>apud</span> <span class='ocrx_word' id='word_1_216' title='bbox 405 2521 726 2587; x_wconf 87' lang='lat' dir='ltr'>scriptorem</span> <span class='ocrx_word' id='word_1_217' title='bbox 775 2537 1016 2586; x_wconf 82' lang='lat' dir='ltr'>graecum</span> <span class='ocrx_word' id='word_1_218' title='bbox 1067 2518 1460 2585; x_wconf 86' lang='lat' dir='ltr'>peritissimum</span> <span class='ocrx_word' id='word_1_219' title='bbox 1518 2527 1810 2571; x_wconf 86' lang='lat' dir='ltr'>occurrant</span> <span class='ocrx_word' id='word_1_220' title='bbox 1862 2541 1871 2570; x_wconf 90' lang='lat'>:</span> <span class='ocrx_word' id='word_1_221' title='bbox 1924 2520 2070 2588; x_wconf 92' lang='lat' dir='ltr'>quod</span> <span class='ocrx_word' id='word_1_222' title='bbox 2118 2518 2262 2569; x_wconf 87' lang='lat' dir='ltr'>enim</span> 
     </span>
     <span class='ocr_line' id='line_1_28' title="bbox 211 2601 2259 2670; baseline 0 -19"><span class='ocrx_word' id='word_1_223' title='bbox 211 2602 279 2652; x_wconf 90' lang='lat' dir='ltr'>ab</span> <span class='ocrx_word' id='word_1_224' title='bbox 328 2601 465 2664; x_wconf 87' lang='lat' dir='ltr'>aliis,</span> <span class='ocrx_word' id='word_1_225' title='bbox 509 2607 602 2652; x_wconf 89' lang='lat' dir='ltr'>aut</span> <span class='ocrx_word' id='word_1_226' title='bbox 644 2619 794 2664; x_wconf 90' lang='lat' dir='ltr'>voce,</span> <span class='ocrx_word' id='word_1_227' title='bbox 838 2608 931 2651; x_wconf 82' lang='lat' dir='ltr'>aut</span> <span class='ocrx_word' id='word_1_228' title='bbox 975 2603 1198 2670; x_wconf 88' lang='lat' dir='ltr'>scripto,</span> <span class='ocrx_word' id='word_1_229' title='bbox 1244 2604 1455 2670; x_wconf 85' lang='lat' dir='ltr'>accepit</span> <span class='ocrx_word' id='word_1_230' title='bbox 1497 2611 1702 2665; x_wconf 87' lang='lat' dir='ltr'>auctor,</span> <span class='ocrx_word' id='word_1_231' title='bbox 1750 2602 1804 2652; x_wconf 91' lang='lat' dir='ltr'>id</span> <span class='ocrx_word' id='word_1_232' title='bbox 1847 2601 2164 2653; x_wconf 89' lang='lat' dir='ltr'>fidelissime</span> <span class='ocrx_word' id='word_1_233' title='bbox 2204 2601 2259 2651; x_wconf 92' lang='lat' dir='ltr'>in</span> 
     </span>
     <span class='ocr_line' id='line_1_29' title="bbox 211 2684 777 2752; baseline 0.002 -18"><span class='ocrx_word' id='word_1_234' title='bbox 211 2701 374 2752; x_wconf 89' lang='lat' dir='ltr'>opere</span> <span class='ocrx_word' id='word_1_235' title='bbox 403 2702 500 2735; x_wconf 91' lang='lat' dir='ltr'>suo</span> <span class='ocrx_word' id='word_1_236' title='bbox 531 2684 777 2735; x_wconf 87' lang='lat' dir='ltr'>retinuit.</span> 
     </span>
    </p>
   </div>
   <div class='ocr_carea' id='block_1_4' title="bbox 842 2839 1634 2909">
    <p class='ocr_par' dir='ltr' id='par_1_8' title="bbox 842 2839 1634 2909">
     <span class='ocr_line' id='line_1_30' title="bbox 842 2839 1634 2909; baseline 0.005 -21"><span class='ocrx_word' id='word_1_237' title='bbox 842 2841 868 2908; x_wconf 53' lang='grc' dir='ltr'>ᾧ</span> <span class='ocrx_word' id='word_1_238' title='bbox 917 2839 998 2891; x_wconf 87' lang='grc'>11.</span> <span class='ocrx_word' id='word_1_239' title='bbox 1046 2839 1269 2908; x_wconf 74' lang='lat' dir='ltr'>Tempus</span> <span class='ocrx_word' id='word_1_240' title='bbox 1307 2840 1634 2909; x_wconf 67' lang='lat' dir='ltr'>scripbionis.</span> 
     </span>
    </p>
   </div>
   <div class='ocr_carea' id='block_1_5' title="bbox 209 2972 2259 3710">
    <p class='ocr_par' dir='ltr' id='par_1_9' title="bbox 209 2972 2259 3379">
     <span class='ocr_line' id='line_1_31' title="bbox 285 2972 2258 3038; baseline 0.001 -16"><span class='ocrx_word' id='word_1_241' title='bbox 285 2972 595 3023; x_wconf 86' lang='lat' dir='ltr'>Verisimile</span> <span class='ocrx_word' id='word_1_242' title='bbox 641 2979 744 3036; x_wconf 90' lang='lat' dir='ltr'>est,</span> <span class='ocrx_word' id='word_1_243' title='bbox 797 2973 1018 3037; x_wconf 87' lang='lat' dir='ltr'>Lucam,</span> <span class='ocrx_word' id='word_1_244' title='bbox 1068 2993 1191 3025; x_wconf 91' lang='lat' dir='ltr'>cum</span> <span class='ocrx_word' id='word_1_245' title='bbox 1250 2975 1476 3026; x_wconf 89' lang='lat' dir='ltr'>Paulum</span> <span class='ocrx_word' id='word_1_246' title='bbox 1532 2976 1904 3038; x_wconf 89' lang='lat' dir='ltr'>comitaretur,</span> <span class='ocrx_word' id='word_1_247' title='bbox 1958 2973 2258 3025; x_wconf 83' lang='lat' dir='ltr'>identidem</span> 
     </span>
     <span class='ocr_line' id='line_1_32' title="bbox 213 3056 2258 3127; baseline 0 -22"><span class='ocrx_word' id='word_1_248' title='bbox 213 3057 471 3125; x_wconf 85' lang='lat' dir='ltr'>quasdam</span> <span class='ocrx_word' id='word_1_249' title='bbox 501 3056 786 3124; x_wconf 89' lang='lat' dir='ltr'>scripsisse</span> <span class='ocrx_word' id='word_1_250' title='bbox 815 3064 979 3125; x_wconf 89' lang='lat' dir='ltr'>atque</span> <span class='ocrx_word' id='word_1_251' title='bbox 1021 3058 1311 3126; x_wconf 85' lang='lat' dir='ltr'>collegisse</span> <span class='ocrx_word' id='word_1_252' title='bbox 1352 3060 1587 3122; x_wconf 87' lang='lat' dir='ltr'>notulas,</span> <span class='ocrx_word' id='word_1_253' title='bbox 1618 3059 1817 3127; x_wconf 90' lang='lat' dir='ltr'>quibus</span> <span class='ocrx_word' id='word_1_254' title='bbox 1846 3075 2026 3108; x_wconf 88' lang='lat' dir='ltr'>rerum</span> <span class='ocrx_word' id='word_1_255' title='bbox 2058 3074 2258 3107; x_wconf 90' lang='lat' dir='ltr'>memo—</span> 
     </span>
     <span class='ocr_line' id='line_1_33' title="bbox 210 3140 2258 3210; baseline -0 -20"><span class='ocrx_word' id='word_1_256' title='bbox 210 3141 344 3191; x_wconf 88' lang='lat' dir='ltr'>riam</span> <span class='ocrx_word' id='word_1_257' title='bbox 372 3140 677 3190; x_wconf 84' lang='lat' dir='ltr'>accuratius</span> <span class='ocrx_word' id='word_1_258' title='bbox 719 3147 1084 3192; x_wconf 88' lang='lat' dir='ltr'>conservaret.</span> <span class='ocrx_word' id='word_1_259' title='bbox 1129 3140 1237 3191; x_wconf 80' lang='lat' dir='ltr'>Sed</span> <span class='ocrx_word' id='word_1_260' title='bbox 1275 3143 1506 3210; x_wconf 83' lang='lat' dir='ltr'>quaestio</span> <span class='ocrx_word' id='word_1_261' title='bbox 1545 3152 1645 3204; x_wconf 88' lang='lat' dir='ltr'>est,</span> <span class='ocrx_word' id='word_1_262' title='bbox 1691 3159 1796 3210; x_wconf 90' lang='lat' dir='ltr'>quo</span> <span class='ocrx_word' id='word_1_263' title='bbox 1835 3146 2082 3209; x_wconf 88' lang='lat' dir='ltr'>tempore</span> <span class='ocrx_word' id='word_1_264' title='bbox 2123 3157 2258 3208; x_wconf 87' lang='lat' dir='ltr'>opus</span> 
     </span>
     <span class='ocr_line' id='line_1_34' title="bbox 211 3211 2259 3293; baseline -0.001 -19"><span class='ocrx_word' id='word_1_265' title='bbox 211 3224 407 3291; x_wconf 88' lang='lat' dir='ltr'>ipsum,</span> <span class='ocrx_word' id='word_1_266' title='bbox 454 3223 610 3292; x_wconf 86' lang='lat' dir='ltr'>quale</span> <span class='ocrx_word' id='word_1_267' title='bbox 654 3242 798 3274; x_wconf 89' lang='lat' dir='ltr'>nunc</span> <span class='ocrx_word' id='word_1_268' title='bbox 843 3224 1125 3287; x_wconf 88' lang='lat' dir='ltr'>habemus,</span> <span class='ocrx_word' id='word_1_269' title='bbox 1176 3211 1453 3293; x_wconf 72' lang='lat' dir='ltr'>di&#39;gestum</span> <span class='ocrx_word' id='word_1_270' title='bbox 1493 3225 1916 3292; x_wconf 86' lang='lat' dir='ltr'>absolutumque</span> <span class='ocrx_word' id='word_1_271' title='bbox 1962 3224 2050 3273; x_wconf 89' lang='lat' dir='ltr'>sit.</span> <span class='ocrx_word' id='word_1_272' title='bbox 2097 3222 2259 3273; x_wconf 87' lang='lat' dir='ltr'>Certa</span> 
     </span>
     <span class='ocr_line' id='line_1_35' title="bbox 209 3309 1244 3379; baseline 0 -18"><span class='ocrx_word' id='word_1_273' title='bbox 209 3310 279 3361; x_wconf 88' lang='lat' dir='ltr'>ab</span> <span class='ocrx_word' id='word_1_274' title='bbox 322 3309 548 3360; x_wconf 90' lang='lat' dir='ltr'>incertis</span> <span class='ocrx_word' id='word_1_275' title='bbox 587 3309 962 3360; x_wconf 89' lang='lat' dir='ltr'>discernamus</span> <span class='ocrx_word' id='word_1_276' title='bbox 1007 3318 1244 3379; x_wconf 85' lang='lat' dir='ltr'>oportet.</span> 
     </span>
    </p>

    <p class='ocr_par' dir='ltr' id='par_1_10' title="bbox 209 3390 2258 3626">
     <span class='ocr_line' id='line_1_36' title="bbox 288 3390 2257 3461; baseline -0.002 -19"><span class='ocrx_word' id='word_1_277' title='bbox 288 3394 337 3442; x_wconf 81' lang='lat'>1⁰</span> <span class='ocrx_word' id='word_1_278' title='bbox 391 3391 551 3442; x_wconf 85' lang='lat' dir='ltr'>Certo</span> <span class='ocrx_word' id='word_1_279' title='bbox 598 3393 870 3456; x_wconf 89' lang='lat' dir='ltr'>novimus,</span> <span class='ocrx_word' id='word_1_280' title='bbox 917 3412 985 3443; x_wconf 86' lang='lat' dir='ltr'>ex</span> <span class='ocrx_word' id='word_1_281' title='bbox 1035 3395 1228 3444; x_wconf 87' lang='lat' dir='ltr'>ultimo</span> <span class='ocrx_word' id='word_1_282' title='bbox 1277 3394 1503 3444; x_wconf 71' lang='lat' dir='ltr'>Actuum</span> <span class='ocrx_word' id='word_1_283' title='bbox 1550 3393 1749 3461; x_wconf 88' lang='lat' dir='ltr'>capite,</span> <span class='ocrx_word' id='word_1_284' title='bbox 1795 3391 1994 3442; x_wconf 87' lang='lat' dir='ltr'>librum</span> <span class='ocrx_word' id='word_1_285' title='bbox 2048 3390 2257 3440; x_wconf 90' lang='lat' dir='ltr'>editum</span> 
     </span>
     <span class='ocr_line' id='line_1_37' title="bbox 209 3471 2258 3543; baseline -0.001 -18"><span class='ocrx_word' id='word_1_286' title='bbox 209 3493 315 3526; x_wconf 90' lang='lat' dir='ltr'>non</span> <span class='ocrx_word' id='word_1_287' title='bbox 357 3473 523 3523; x_wconf 87' lang='lat' dir='ltr'>fuisse</span> <span class='ocrx_word' id='word_1_288' title='bbox 563 3481 688 3524; x_wconf 89' lang='lat' dir='ltr'>ante</span> <span class='ocrx_word' id='word_1_289' title='bbox 727 3493 927 3525; x_wconf 89' lang='lat' dir='ltr'>annum</span> <span class='ocrx_word' id='word_1_290' title='bbox 960 3475 1260 3526; x_wconf 90' lang='lat' dir='ltr'>secundum</span> <span class='ocrx_word' id='word_1_291' title='bbox 1289 3477 1541 3540; x_wconf 88' lang='lat' dir='ltr'>carceris,</span> <span class='ocrx_word' id='word_1_292' title='bbox 1573 3492 1732 3543; x_wconf 92' lang='lat' dir='ltr'>quem</span> <span class='ocrx_word' id='word_1_293' title='bbox 1761 3492 1807 3526; x_wconf 89' lang='lat' dir='ltr'>s.</span> <span class='ocrx_word' id='word_1_294' title='bbox 1841 3473 2038 3523; x_wconf 88' lang='lat' dir='ltr'>Paulus</span> <span class='ocrx_word' id='word_1_295' title='bbox 2068 3471 2258 3523; x_wconf 88' lang='lat' dir='ltr'>Romae</span> 
     </span>
     <span class='ocr_line' id='line_1_38' title="bbox 209 3556 2252 3626; baseline -0.001 -17"><span class='ocrx_word' id='word_1_296' title='bbox 209 3556 399 3618; x_wconf 84' lang='lat' dir='ltr'>subiit,</span> <span class='ocrx_word' id='word_1_297' title='bbox 447 3556 648 3624; x_wconf 89' lang='lat' dir='ltr'>quique</span> <span class='ocrx_word' id='word_1_298' title='bbox 694 3557 966 3626; x_wconf 88' lang='lat' dir='ltr'>incepisse</span> <span class='ocrx_word' id='word_1_299' title='bbox 997 3557 1214 3609; x_wconf 85' lang='lat' dir='ltr'>videtur</span> <span class='ocrx_word' id='word_1_300' title='bbox 1243 3559 1386 3610; x_wconf 87' lang='lat' dir='ltr'>circa</span> <span class='ocrx_word' id='word_1_301' title='bbox 1424 3577 1473 3610; x_wconf 89' lang='lat' dir='ltr'>a.</span> <span class='ocrx_word' id='word_1_302' title='bbox 1515 3559 1577 3609; x_wconf 86' lang='lat'>61</span> <span class='ocrx_word' id='word_1_303' title='bbox 1624 3563 1720 3608; x_wconf 86' lang='lat' dir='ltr'>aut</span> <span class='ocrx_word' id='word_1_304' title='bbox 1758 3558 1825 3608; x_wconf 84' lang='lat'>62</span> <span class='ocrx_word' id='word_1_305' title='bbox 1869 3572 1992 3607; x_wconf 86' lang='lat' dir='ltr'>aerae</span> <span class='ocrx_word' id='word_1_306' title='bbox 2032 3561 2252 3606; x_wconf 77' lang='lat' dir='ltr'>nostrae.</span> 
     </span>
    </p>

    <p class='ocr_par' dir='ltr' id='par_1_11' title="bbox 281 3636 2254 3710">
     <span class='ocr_line' id='line_1_39' title="bbox 281 3636 2254 3710; baseline -0.003 -19"><span class='ocrx_word' id='word_1_307' title='bbox 281 3641 336 3691; x_wconf 85' lang='lat'>2⁰</span> <span class='ocrx_word' id='word_1_308' title='bbox 379 3637 599 3692; x_wconf 87' lang='lat' dir='ltr'>Certum</span> <span class='ocrx_word' id='word_1_309' title='bbox 641 3641 804 3692; x_wconf 87' lang='lat' dir='ltr'>etiam</span> <span class='ocrx_word' id='word_1_310' title='bbox 846 3640 1005 3693; x_wconf 88' lang='lat' dir='ltr'>nobis</span> <span class='ocrx_word' id='word_1_311' title='bbox 1045 3641 1280 3705; x_wconf 88' lang='lat' dir='ltr'>videtur,</span> <span class='ocrx_word' id='word_1_312' title='bbox 1323 3641 1522 3694; x_wconf 87' lang='lat' dir='ltr'>librum</span> <span class='ocrx_word' id='word_1_313' title='bbox 1562 3645 1690 3710; x_wconf 87' lang='lat' dir='ltr'>post</span> <span class='ocrx_word' id='word_1_314' title='bbox 1715 3658 1765 3694; x_wconf 85' lang='lat' dir='ltr'>a.</span> <span class='ocrx_word' id='word_1_315' title='bbox 1798 3639 1882 3702; x_wconf 85' lang='lat'>70,</span> <span class='ocrx_word' id='word_1_316' title='bbox 1922 3654 2030 3707; x_wconf 91' lang='lat' dir='ltr'>quo</span> <span class='ocrx_word' id='word_1_317' title='bbox 2069 3636 2254 3691; x_wconf 86' lang='lat' dir='ltr'>evenit</span> 
     </span>
    </p>
   </div>
   <div class='ocr_carea' id='block_1_6' title="bbox 989 0 2430 268">
    <p class='ocr_par' dir='ltr' id='par_1_12' title="bbox 989 0 2430 268">
     <span class='ocr_line' id='line_1_40' title="bbox 989 0 2430 268; baseline 0 3762"><span class='ocrx_word' id='word_1_318' title='bbox 989 0 2430 268; x_wconf 95' lang='lat' dir='ltr'> </span> 
     </span>
    </p>
   </div>
   <div class='ocr_carea' id='block_1_7' title="bbox 2396 3058 2425 3405">
    <p class='ocr_par' dir='ltr' id='par_1_13' title="bbox 2396 3058 2425 3405">
     <span class='ocr_line' id='line_1_41' title="bbox 2396 3058 2425 3405; textangle 90"><span class='ocrx_word' id='word_1_319' title='bbox 2402 3387 2414 3405; x_wconf 61' lang='lat'>‘⁸</span> <span class='ocrx_word' id='word_1_320' title='bbox 2404 3356 2414 3368; x_wconf 53' lang='lat'>&gt;¹</span> <span class='ocrx_word' id='word_1_321' title='bbox 2396 3250 2425 3341; x_wconf 45' lang='grc' dir='ltr'>’θΰτιί</span> <span class='ocrx_word' id='word_1_322' title='bbox 2407 3178 2423 3227; x_wconf 50' lang='lat' dir='ltr'>m·</span> <span class='ocrx_word' id='word_1_323' title='bbox 2407 3154 2415 3163; x_wconf 40' lang='lat'>¹·</span> <span class='ocrx_word' id='word_1_324' title='bbox 2414 3120 2420 3138; x_wconf 82' lang='grc'>.-</span> <span class='ocrx_word' id='word_1_325' title='bbox 2412 3058 2419 3062; x_wconf 84' lang='lat'><em>-</em></span> 
     </span>
    </p>
   </div>
   <div class='ocr_carea' id='block_1_8' title="bbox 2376 3480 2410 3610">
    <p class='ocr_par' dir='ltr' id='par_1_14' title="bbox 2376 3480 2410 3610">
     <span class='ocr_line' id='line_1_42' title="bbox 2398 3480 2410 3503; baseline 0 -8"><span class='ocrx_word' id='word_1_326' title='bbox 2398 3480 2410 3503; x_wconf 54' lang='lat' dir='ltr'><strong>p</strong></span> 
     </span>
     <span class='ocr_line' id='line_1_43' title="bbox 2376 3565 2409 3610; baseline 0 0"><span class='ocrx_word' id='word_1_327' title='bbox 2376 3565 2409 3610; x_wconf 54' lang='grc' dir='ltr'>,ἒ</span> 
     </span>
    </p>
   </div>
   <div class='ocr_carea' id='block_1_9' title="bbox 2321 3647 2430 4030">
    <p class='ocr_par' dir='ltr' id='par_1_15' title="bbox 2321 3647 2430 4030">
     <span class='ocr_line' id='line_1_44' title="bbox 2321 3647 2430 4030; baseline 0 0"><span class='ocrx_word' id='word_1_328' title='bbox 2321 3647 2430 4030; x_wconf 95' lang='lat' dir='ltr'> </span> 
     </span>
    </p>
   </div>
  </div>
 </body>
</html>
