2430 4030
296 314 359 366 72
862 328 1024 363 Aeros
1063 328 1457 376 APOSTOLORUM,
1501 306 1622 364 CAPJ
1658 315 1768 366 ΙΙΙ.

211 471 263 509 23
291 462 503 512 locutus
532 462 698 512 fuerit
727 462 901 513 vobis.
932 466 963 501 ³¹<
997 462 1114 512 Erit
1140 470 1351 514 autem:
1378 465 1555 516 omnis
1585 465 1785 528 anima,
1815 484 1936 534 quae
1964 484 2072 516 non
2101 466 2338 517 audierit

211 559 266 598 24
291 544 620 613 Prophetam
651 544 820 605 illum,
851 544 1308 596 exterminabitur
1351 545 1418 597 de
1455 546 1642 615 plebe.
1673 551 1705 587 ²¹<
1737 547 1808 598 Et
1835 565 2024 600 omnes
2053 548 2340 616 prophetae

288 647 319 679 a
349 626 585 690 Samuel,
616 633 672 680 et
699 627 975 697 deincepS‚
1007 628 1098 697 qui
1128 629 1296 680 locuti
1325 635 1471 694 sunt,
1503 631 1983 684 annunciaverunt
2023 632 2140 684 dies
2182 632 2338 684 istos,

284 890 390 948 ipso
416 891 690 948 praesertim
717 896 764 935 et
788 890 1057 934 eminenter
1080 890 1453 947 intelligendum
1488 895 1561 935 est
1595 891 1723 949 quod
1758 892 1955 948 scripsit
1982 892 2194 949 Moyses3
2224 891 2342 936 adeo

284 961 478 1019 quidem
513 965 568 1004 ut
599 961 739 1017 plena
773 960 1063 1017 significatio
1097 961 1212 1003 verb
1227 974 1369 1011 irum,
1404 960 1578 1016 quibus
1612 961 1785 1012 utitur,
1819 961 2014 1005 nonnisi
2050 963 2098 1005 in
2138 961 2340 1007 Christo

284 1033 575 1076 inveniatur.
606 1031 705 1075 Hoc
727 1036 857 1074 certo
882 1030 1211 1087 comprobavit]
1238 1030 1440 1082 R›÷inke‚
1461 1031 1604 1074 Beito·.
1626 1046 1729 1074 zum.
1753 1032 1805 1075 A.
1837 1033 1884 1075 T.
1911 1033 1937 1074 4
1963 1032 2034 1083 B„
2059 1046 2095 1075 s.
2123 1032 2339 1076 291-354.

285 1102 418 1158 Ergo
441 1102 582 1158 plane
608 1101 786 1144 erravit
808 1101 876 1144 De
907 1101 1045 1146 Wette
1071 1100 1387 1150 rationalista,
1414 1101 1607 1156 quando
1634 1101 1883 1145 contendit
1909 1101 2059 1145 verba
2080 1101 2163 1146 cit.
2194 1102 2340 1146 Deut.

286 1171 538 1215 Christum
572 1185 666 1214 non
700 1178 932 1226 spectare,
967 1183 1115 1226 caque
1149 1169 1430 1226 explicanda
1462 1184 1567 1214 esse
1607 1170 1666 1214 de
1706 1170 1820 1215 solis
1868 1171 2121 1227 Prophetis
2162 1173 2342 1217 veteris

284 1240 582 1285 Testamenti
611 1247 719 1297 post
741 1240 943 1297 Moysen
967 1240 1209 1284 venturis.
2389 1231 2395 1234 ”

343 1311 589 1365 TAMQUAM
622 1324 702 1362 Ma,
736 1310 854 1354 mihi
885 1310 1098 1353 similem.
1134 1310 1191 1352 In
1224 1316 1460 1367 quantum
1499 1310 1846 1368 intelliguntur
1884 1311 2135 1368 Prophetae
2163 1312 2340 1355 veteris

283 1382 583 1426 Testamenti
607 1381 854 1441 collective
879 1382 1077 1436 sumpti,
1105 1394 1277 1423 sensus
1305 1388 1380 1423 est
1406 1399 1413 1423 :
1444 1380 1574 1423 Deus
1602 1395 1793 1437 semper
1819 1381 1954 1425 vobis
1982 1381 2116 1426 dabit
2138 1382 2339 1438 prophe·

283 1458 379 1498 tam
405 1455 523 1498 sicat
545 1468 630 1504 me,
653 1452 938 1508 prophetam
965 1466 1147 1502 verum,
1175 1451 1317 1506 longe
1343 1451 1591 1495 diversum
1615 1467 1641 1496 a
1664 1453 1797 1496 falsis
1822 1452 2043 1509 gentium
2071 1453 2341 1496 vicinarum

283 1525 482 1581 auguris
518 1524 645 1577 (vide
672 1524 736 1567 ibi
763 1523 811 1565 in
840 1522 979 1566 Deut.
1017 1537 1055 1565 v.
1095 1522 1150 1564 14
1181 1526 1228 1564 et
1262 1521 1357 1574 2Ο);
1392 1521 1546 1578 igitur
1572 1522 1883 1578 prophetam,
1909 1524 1986 1567 cui
2014 1523 2143 1566 Deus
2173 1523 2340 1567 eadem

284 1594 467 1638 ratione
500 1598 554 1637 ut
587 1593 705 1636 mihi
740 1592 1041 1636 voluntatem
1075 1606 1209 1634 suam
1247 1591 1523 1647 patefaciat,
1556 1593 1736 1649 quique
1773 1607 1877 1635 eam
1913 1593 1971 1636 ad
2008 1607 2094 1636 vos
2130 1592 2342 1636 fideliter

283 1665 475 1717 referat,
508 1670 563 1708 ut
597 1678 686 1719 ego
711 1664 853 1707 retuli
879 1663 981 1719 (qui
1008 1662 1192 1705 medius
1221 1663 1283 1705 sit
1314 1662 1440 1705 Deus
1476 1663 1607 1706 inter
1641 1669 1689 1706 et
1722 1663 1971 1719 populum,
1997 1663 2120 1706 sicut
2154 1677 2242 1717 ego
2268 1662 2336 1706 fui

284 1737 332 1779 in
362 1734 510 1786 Sinai,
533 1749 575 1778 v.
604 1734 659 1777 16
683 1733 746 1777 ibi
771 1734 821 1776 in
858 1733 1035 1785 Deut.).
1065 1731 1160 1775 Sed
1187 1732 1294 1775 talis
1324 1732 1676 1788 perfectissime
1700 1738 1748 1777 et
1772 1733 2006 1787 κατέξοχην
2032 1733 2125 1776 fuit
2149 1738 2342 1776 tantum

287 1805 531 1857 Christus3
558 1818 757 1860 eamque
780 1803 839 1846 ob
864 1817 1054 1846 causam
1078 1801 1225 1845 verba
1248 1802 1366 1845 sicut
1389 1817 1457 1845 me
1482 1802 1753 1846 secundum
1782 1808 1935 1846 totam
1973 1802 2341 1859 significationis

283 1876 382 1919 vim
423 1875 484 1918 ad
531 1874 685 1917 solum
725 1871 953 1915 Messiam
994 1871 1270 1914 referuntur
1313 1890 1321 1914 :
1362 1871 1464 1926 ipse
1509 1872 1637 1915 enim
1681 1871 1774 1915 fuit
1816 1871 2088 1930 anti-typus
2133 1870 2338 1928 Moysis.

286 1946 528 2002 Quasdam
563 1950 724 1988 autem
757 1942 961 1999 Moysen
994 1942 1123 1985 inter
1156 1948 1204 1984 et
1237 1941 1405 1985 Jesum
1446 1942 1794 1987 similitudines
1833 1949 2083 1988 enumerat
2118 1943 2340 1987 BECANUS

284 2017 333 2060 in
358 2030 497 2072 opere
522 2034 530 2059 :
566 2013 797 2069 Anatoqia
822 2015 902 2056 vet.
930 2026 983 2055 ac
1005 2012 1112 2056 novi
1143 2012 1275 2061 Test,
1299 2026 1337 2055 c.
1368 2010 1459 2063 VI,
1486 2027 1531 2068 q.
1563 2012 1607 2054 3.

342 2087 413 2131 23.
440 2086 561 2129 ERIT
583 2097 742 2128 AUTEM
766 2104 773 2128 :
803 2096 948 2126 OMNIS
970 2096 1134 2126 ANIMA.
1152 2114 1180 2124 ..
1207 2094 1628 2126 EXTERMINABITUR
1662 2095 1723 2126 DE
1758 2097 1916 2128 PLEBE.
1939 2083 2050 2128 Erit
2073 2086 2224 2127 autem
2250 2096 2276 2126 a
2302 2097 2338 2126 s.

290 2159 429 2202 Petro
451 2156 666 2203 additum
693 2162 741 2199 et
764 2169 849 2210 pro
871 2153 1253 2197 exterminabitur
1275 2152 1327 2195 de
1346 2151 1474 2208 plebe
1503 2153 1551 2194 in
1578 2153 1604 2195 l.
1629 2168 1669 2196 c.
1698 2154 1836 2198 Deut.
1860 2161 1934 2198 est
1957 2173 1966 2198 :
1994 2168 2070 2210 eqo
2096 2153 2218 2197 ultor
2251 2152 2339 2197 emi·

284 2231 404 2272 stam
426 2245 438 2271 .·
465 2239 636 2270 sensus
661 2224 823 2268 eodem
850 2223 1031 2267 recidit.
1061 2222 1198 2278 Quod
1220 2227 1384 2265 autem
1411 2221 1560 2265 verba
1593 2222 1783 2275 attinet,
1811 2224 2075 2280 Apostolus
2100 2223 2153 2266 in
2176 2226 2341 2266 mente

284 2298 490 2342 forsitan
513 2295 681 2339 habuit
706 2294 823 2338 Gen.
847 2293 1017 2343 XVII,
1045 2294 1099 2335 14
1124 2311 1132 2334 :
1158 2291 1397 2335 Detebitm·
1419 2291 1583 2335 anima,
1620 2293 1707 2337 illa
1732 2295 1785 2337 de
1804 2294 1973 2351 populo
1997 2308 2091 2338 suo.
2123 2292 2225 2337 Hoc
2248 2292 2339 2336 sibi

285 2367 392 2412 vult
431 2385 439 2410 :
479 2370 632 2410 morte
671 2364 922 2415 morietur;
964 2376 1155 2419 nempe,
1198 2362 1464 2405 secundum
1511 2371 1721 2406 mentem
1765 2378 1798 2406 s.
1842 2364 1985 2415 Petri,
2020 2369 2067 2407 et
2099 2367 2340 2421 quatenus

286 2436 432 2481 verba
474 2435 658 2492 Moysis
701 2434 759 2478 de
805 2432 997 2483 Messia,
1056 2431 1405 2487 Prophetarum
1468 2431 1728 2487 Propheta,
1782 2433 2140 2489 intelliguntur,
2185 2437 2341 2476 morte

286 2510 467 2551 aeterna
507 2505 756 2556 afficietur,
798 2505 827 2546 i.
868 2518 906 2547 e.
948 2503 1005 2545 ad
1051 2516 1217 2558 poenas
1262 2501 1437 2544 inferni
1480 2501 1824 2555 damnabitur;
1873 2503 2106 2546 nimirum
2149 2501 2341 2559 quando

287 2575 460 2631 Judex,
483 2575 655 2619 ultimo
681 2573 848 2617 mundi
874 2573 966 2623 die,
993 2573 1143 2616 malos
1166 2587 1192 2615 a
1209 2571 1358 2628 justis
1394 2571 1656 2627 separabit.
1690 2571 1935 2616 Nonnulli
1967 2573 2257 2627 interpretes
2290 2570 2339 2615 id

289 2644 528 2701 explicant
559 2643 618 2687 de
650 2657 819 2687 eversa
850 2642 1165 2698 Jerosolyma,
1200 2641 1290 2684 sub
1322 2641 1444 2691 Tito,
1482 2655 1577 2697 qua
1603 2641 1755 2692 clade,
1779 2649 1834 2687 ut
1857 2642 2066 2687 diximus
2088 2641 2147 2684 ad
2173 2640 2239 2693 ΙΙ,
2266 2640 2340 2693 21,

287 2714 537 2773 perierunt
573 2714 731 2758 Judaei
768 2712 1016 2763 increduli,
1058 2711 1174 2754 dum
1218 2718 1388 2755 contra
1434 2711 1691 2755 christiani
1737 2713 2003 2769 periculum
2047 2712 2338 2768 effugerunt.

290 2784 609 2831 Verumhuic
631 2783 885 2828 sententiae
908 2787 1149 2839 repugnat
1171 2787 1394 2825 contexta
1415 2782 1585 2833 oratio,
1614 2795 1668 2825 ex
1692 2796 1787 2839 qua
1810 2787 1945 2839 patet
1965 2783 2109 2827 istam
2132 2784 2341 2826 interne-

230 2871 231 2874 *
289 2856 473 2900 cionem
509 2853 875 2910 intelligendam
914 2867 1019 2897 esse
1055 2851 1113 2895 de
1154 2851 1210 2895 iis
1250 2866 1357 2909 quae
1400 2852 1450 2895 in
1495 2856 1718 2908 tempore
1762 2853 2085 2897 restitutionis
2122 2851 2338 2897 omnium

291 2925 353 2980 (v.
379 2925 454 2981 21)
479 2925 611 2969 fient.
1995 2954 1998 2956 ψ

349 2995 419 3039 24.
457 2996 624 3040 OMNES
653 3007 909 3040 PROPHETAE
932 3007 958 3038 A
985 2993 1184 3038 SAMUEL
1215 2997 1321 3045 etc.‚
1354 3007 1508 3037 omnes
1535 2992 1783 3051 prophetoe,
1818 2992 2010 3039 Samuel
2030 2996 2071 3037 et
2091 2995 2339 3051 sequentes.

292 3065 486 3111 Samuel
508 3065 702 3123 quidem
727 3065 1063 3122 praedictiones
1089 3078 1199 3108 suas
1234 3063 1416 3119 scripto
1449 3078 1545 3107 non
1582 3063 1756 3116 edidit3
1786 3078 1822 3107 s.
1855 3063 2024 3107 Petrus
2046 3062 2258 3120 aliquam
2281 3062 2340 3107 de

292 3135 487 3180 Christo
519 3134 827 3193 prophetiam
859 3134 1121 3179 traditione
1153 3137 1489 3178 conservatam
1522 3132 1648 3177 forte
1672 3138 1927 3184 memorat;
1957 3133 2032 3177 vel
2057 3133 2254 3189 respicit
2279 3131 2340 3176 ad

290 3203 531 3249 Nathanis
564 3205 810 3250 oraculum
843 3204 974 3262 quod
1009 3202 1201 3248 Samuel
1234 3203 1283 3246 in
1306 3202 1332 3246 2
1355 3201 1475 3257 Reg.
1509 3200 1633 3254 VII,
1667 3202 1724 3245 12
1755 3201 1911 3246 literis
1933 3201 2253 3258 consignavit.
2290 3224 2331 3232 ->

293 3272 426 3326 Dms,
447 3273 624 3331 quibus
646 3275 911 3331 punientur
934 3273 1085 3329 impii,
1109 3272 1273 3316 fideles
1299 3278 1461 3315 autem
1489 3271 1610 3315 salvi
1637 3275 1781 3315 erunt
1804 3290 1813 3315 :
1837 3270 1989 3328 igitur
2013 3269 2115 3314 dies
2137 3269 2338 3315 alterius

290 3343 530 3389 adventus
565 3344 749 3388 Christi
782 3358 866 3388 seu
897 3342 1206 3388 restitutionis
1237 3341 1444 3386 omnium
1479 3340 1543 3395 (v.
1577 3340 1675 3395 21).
1709 3339 1869 3396 Quum
1905 3345 2065 3384 autem
2088 3338 2338 3384 renovatio

292 3413 372 3458 illa
406 3414 661 3470 generalis,
703 3429 811 3472 quae
848 3420 1064 3458 extremo
1100 3412 1269 3457 mundi
1309 3417 1526 3466 tempore
1563 3410 1860 3466 perficietur,
1894 3424 1921 3453 a
1954 3409 2112 3466 priore
2144 3407 2335 3453 Messiae
2380 3407 2388 3411 '⁷
2422 3402 2430 3463 Ξ

291 3484 502 3530 adventu
536 3484 691 3540 (cujus
723 3499 844 3540 opus
877 3484 983 3528 ideo
1015 3489 1216 3530 vocatur
1247 3481 1525 3539 reqeneratio
1558 3480 1743 3535 mundi)
1779 3480 2066 3525 inchoetur:
2104 3478 2206 3523 dies
2238 3478 2338 3530 isti,

292 3555 375 3612 qui
410 3554 468 3599 ab
507 3554 732 3598 omnibus
767 3554 1017 3611 prophetis
1054 3553 1277 3610 praedicti
1310 3552 1524 3604 fuerunt,
1559 3565 1705 3595 sensu
1739 3550 1979 3596 latissimo
2014 3550 2074 3596 de
2107 3550 2338 3596 universo

296 3623 483 3668 Messiae
506 3637 656 3680 regno
677 3623 886 3679 int-elligi
915 3628 1136 3680 possunt.
