2430 4030
0 3584 14 3640 ἴτ’,

0 3641 9 3656 ,
27 3646 30 3648 ,

911 289 1099 326 scopus
1137 290 1407 330 Andronis,
2135 285 2168 335 9

210 424 264 474 5⁰
302 421 543 473 Tandem
573 439 682 472 non
711 438 883 489 pauca
909 420 978 471 ad
1006 421 1303 489 primorum
1332 423 1746 476 christianorum
1775 426 1942 478 vitam
1970 446 2168 480 mores-

136 522 260 575 que,
306 504 614 574 praesertim
661 503 718 554 in
764 503 993 554 ecclesia
1044 503 1503 573 Jerosolymitana
1530 508 1986 572 et·Antiochena,
2033 511 2169 562 refe-

137 594 350 638 runtur.

211 668 349 719 Inde
402 667 796 729 concludimuS,
850 668 1136 719 consilium
1192 669 1352 721 Lucae
1404 689 1512 721 non
1565 672 1732 721 fuisse
1784 679 1845 723 ut
1899 673 2173 725 historiam

138 751 356 820 proprie
411 750 614 800 dictam
666 750 1039 817 apostolorum
1093 751 1351 814 omnium,
1405 759 1499 803 aut
1553 753 1850 821 aliquorum
1905 772 1970 804 ex
2021 755 2171 822 ipsis,

135 846 231 885 aut
282 833 444 884 unius
492 832 715 900 quidem
765 832 918 882 Pauli
971 834 1364 896 concinnaret;
1420 852 1453 883 a
1501 835 1712 885 fortiori
1767 853 1887 886 eum
1942 837 2172 887 noluisse

138 916 421 966 historiam
471 914 818 965 conscribere
850 915 1063 980 plenam
1093 915 1510 984 absolutamque
1536 935 1720 968 eorum
1761 918 1996 968 omnium
2036 936 2171 986 quae,

137 1000 327 1068 primis
356 994 619 1049 Ecclesiae
650 998 1006 1066 temporibus,
1036 1017 1066 1049 a
1097 997 1299 1049 Christi
1338 1000 1392 1050 in
1434 1002 1630 1051 coelum
1659 1018 1885 1051 ascensu
1912 1019 2080 1069 usque
2106 1000 2174 1050 ad

139 1100 182 1133 s.
227 1082 380 1132 Pauli
419 1098 690 1132 carcerem
734 1080 1056 1144 Romanum,
1100 1088 1415 1134 evenerunt.
1457 1082 1607 1132 Nihil
1649 1101 1697 1134 v.
1738 1101 1820 1149 gr.
1851 1089 2175 1132 memoratur

140 1166 208 1216 de
254 1164 565 1233 primordiis
613 1164 858 1215 ecclesiae
911 1163 1295 1232 Philippensis,
1339 1165 1854 1226 Thessalonicensis,
1899 1164 2172 1226 Romanae,

139 1248 511 1316 aliarumque3
554 1246 692 1296 nihil
731 1246 799 1296 de
841 1245 994 1297 Pauli
1035 1248 1228 1298 itinere
1256 1248 1310 1297 in
1344 1248 1597 1299 Arabiam
1633 1247 1721 1312 (cf.
1751 1251 1935 1296 annot.
1963 1246 2032 1296 ad
2059 1263 2172 1313 cap.

140 1332 240 1395 IX,
286 1332 400 1398 23),
450 1330 516 1381 de
562 1330 813 1398 pluribus
861 1331 1244 1382 vexationibus
1298 1332 1533 1400 vitaeque
1581 1330 1836 1398 periculis
1890 1347 2010 1397 quae
2059 1330 2174 1396 ipse

138 1416 308 1468 subiit
360 1413 449 1480 (cf.
499 1415 528 1463 2
583 1414 703 1465 Gor.
746 1413 848 1475 XI,
895 1414 962 1463 23
1008 1414 1152 1482 sq.);
1198 1415 1333 1464 nihil
1377 1414 1444 1464 de
1493 1414 1830 1464 dissensione
1873 1430 1991 1480 quae
2035 1413 2174 1462 inter

139 1500 319 1568 ipsum
360 1508 416 1548 et
456 1515 498 1548 s.
543 1496 765 1547 Petrum
806 1503 997 1547 exorta
1037 1507 1120 1547 est
1165 1497 1254 1563 (cf.
1309 1496 1423 1549 Gal.
1473 1497 1551 1559 ΙΙ,
1608 1499 1663 1546 ll
1717 1496 1894 1564 sqq.);
1940 1495 2072 1545 nihil
2110 1493 2176 1544 de

144 1583 294 1634 Petri
347 1588 760 1650 ceterorumque
814 1580 1186 1648 apostolorum
1243 1580 1552 1643 itineribuS,
1610 1585 1711 1631 etc.
1768 1580 1958 1629 Finem
2011 1578 2178 1645 igitur

143 1666 452 1735 specialem,
484 1683 642 1733 quem
673 1668 863 1714 auctor
902 1662 958 1713 in
1001 1662 1291 1714 scribendo
1320 1663 1426 1713 sibi
1455 1663 1818 1730 proposuerit,
1848 1662 2176 1728 investigare

143 1755 380 1820 oportet.

845 1844 872 1910 ᾧ
914 1844 966 1892 4.
1010 1841 1207 1908 Scopus
1247 1840 1493 1891 auctoris,

217 1982 349 2048 Quis
389 1987 571 2032 autem
612 1979 778 2030 fuerit
815 1979 1052 2030 auctoris
1102 1978 1244 2040 finis,
1293 1977 1559 2045 quodnam
1601 1975 1714 2043 ejus
1753 1974 1807 2023 in
1847 1972 2008 2023 rebus
2050 1969 2171 2020 seli-

145 2067 343 2135 gendis
388 2062 798 2130 tractandisque
847 2061 1154 2124 consilium,
1203 2060 1435 2110 multum
1490 2058 1616 2109 olim
1666 2057 2000 2123 disputatum
2052 2052 2173 2114 fuit,

145 2159 309 2221 atque
338 2149 631 2201 hodiedum
661 2148 715 2197 in
744 2145 1118 2198 controversia
1149 2149 1415 2196 versatur.
1458 2142 1590 2206 Quae
1630 2139 1991 2209 probabiliora
2017 2136 2174 2187 nobis

144 2234 402 2287 videntur
421 2232 535 2299 jam
565 2246 921 2298 exponemus.

206 2316 455 2384 ,Scripsit
501 2332 544 2365 s.
598 2313 769 2363 Lucas
816 2311 885 2361 ad
932 2308 1295 2376 Theophilum
1350 2305 1655 2376 quemdam,
1711 2304 1882 2354 virum
1934 2300 2174 2352 ethnico-

146 2399 523 2461 christianum,
575 2396 810 2447 amicum
863 2399 918 2444 et
974 2390 1306 2459 discipulum
1360 2407 1537 2451 suum,
1591 2387 1741 2454 cujus
1790 2384 1966 2452 gratia
2019 2387 2176 2431 antea

146 2503 304 2536 suum
344 2482 691 2533 ordinaverat
732 2478 1116 2544 Evangelium,
1157 2475 1211 2525 in
1254 2474 1500 2524 eumdem
1543 2490 1669 2522 sane
1694 2469 1859 2536 finem
1900 2469 2172 2526 remotum,

147 2575 209 2619 ut
235 2569 414 2635 ipsum
442 2566 686 2633 aliosque
727 2562 1072 2622 christianos,
1112 2560 1166 2608 in
1210 2575 1438 2626 quorum
1480 2571 1666 2604 manus
1703 2552 1837 2601 liber
1877 2548 2171 2606 deveniret,

148 2649 416 2719 imprimis
471 2655 530 2698 ut
583 2646 838 2715 gentiles,
910 2643 1003 2712 qui
1056 2641 1124 2692 ad
1179 2639 1455 2692 Christum
1515 2635 1758 2687 conversi
1811 2638 1963 2682 erant
2015 2637 2069 2679 et
2119 2629 2172 2677 in

149 2733 338 2785 eadem
379 2731 513 2783 urbe
552 2731 725 2781 Roma
765 2725 1259 2786 commorabantur,
1299 2740 1395 2790 per
1434 2726 1737 2770 accuratam
1769 2712 2172 2783 propagationis

148 2901 336 2964 tradit,
378 2916 500 2968 quae
539 2897 609 2947 ad
649 2898 785 2946 duos
826 2896 945 2944 illos
992 2891 1285 2960 Apostolos
1326 2889 1416 2956 qui
1457 2887 1641 2937 Romae
1679 2882 1951 2933 Christum
1978 2876 2172 2946 praedi-

149 2993 360 3048 carunt,
406 3003 481 3035 sc.
526 2983 595 3033 ad
643 2983 865 3033 Petrum
908 2987 962 3030 et
1005 2977 1247 3036 Paulum,
1290 2979 1567 3042 spectant3
1610 2980 1664 3018 et
1704 2985 1769 3018 ex
1809 2983 1990 3015 eorum
2036 2963 2172 3013 actis

151 3071 338 3139 seligit
390 3068 668 3138 praecipua
722 3082 842 3133 quae
894 3076 1050 3114 extra
1103 3058 1317 3109 Italiam
1370 3062 1524 3123 gesta
1574 3053 1804 3111 fuerant,
1858 3065 2018 3116 quum
2072 3045 2173 3095 alia

75 3201 85 3210 .
151 3154 470 3222 Theophilo,
526 3151 833 3218 ceterisque
885 3145 1196 3197 christianis
1257 3140 1499 3209 ejusdem
1555 3133 1808 3201 regionis,
1864 3131 1995 3181 satis
2049 3134 2173 3179 nota

152 3244 356 3289 essent.
410 3235 609 3304 Igitur,
664 3231 964 3284 secundum
1013 3226 1250 3279 auctoris
1282 3228 1557 3281 fluentem,
1611 3217 1767 3265 Actus
1813 3211 2173 3281 Apostolorum

151 3320 380 3372 alteram
428 3330 640 3386 partem
685 3314 1032 3366 constituunt
1087 3307 1326 3369 historiae
1378 3300 1706 3368 evangelicae
1747 3293 2040 3361 Theophilo
2095 3293 2173 3340 in-

153 3403 395 3470 scriptae,
453 3406 620 3468 atque
685 3398 874 3449 eadem
938 3394 1166 3445 forsitan
1230 3386 1507 3439 occasione
1570 3382 1787 3432 fuerunt
1851 3375 2171 3444 compositi,

157 3487 431 3549 nimirum,
478 3485 605 3554 quia
647 3481 894 3535 nonnulli
940 3496 1025 3530 res
1069 3482 1252 3545 gestas
1297 3470 1680 3540 apostolorum,
1726 3458 2171 3534 quemadmodum

158 3568 367 3622 Christi
402 3569 568 3621 vitam
618 3567 772 3633 (Luc.
822 3564 868 3627 I,
917 3563 989 3628 1),
1038 3575 1255 3611 narrare
1302 3563 1504 3608 temere
1546 3548 1723 3604 conati
1770 3547 1996 3596 fuerant.
