2430 4030
282 225 384 276 124
828 238 991 275 Aorus
1032 238 1426 285 APOsToLORuM,
1474 223 1573 288 IX,
1618 226 1767 277 1-30.

286 380 417 427 sunt
463 374 625 427 Saulo
652 373 867 426 insidiae
893 391 1099 426 eorum.
1145 372 1545 428 Custodiebant
1583 382 1768 429 autem
1806 382 1862 429 et
1899 383 2086 448 portas
2129 377 2216 430 die
2257 397 2318 432 ac
2402 354 2430 449 Ξ

200 457 254 500 25
286 463 466 523 nocte,
507 463 567 510 ut
607 475 730 509 eum
771 457 1160 510 interficerent.
1202 462 1235 499 ²¹<
1277 458 1628 528 Accipientes
1674 465 1856 513 autem
1903 477 2026 512 eum
2071 460 2324 531 discipuli
2426 467 2430 470 ⁴

278 548 457 607 nocte,
486 561 586 614 per
613 559 828 595 murum
857 542 1182 594 dimiserunt
1210 560 1352 607 eum,
1383 543 1770 597 submittentes
1799 544 1853 596 in
1883 550 2089 615 sporta.
2424 614 2430 619 .

199 631 253 672 26
349 631 382 668 ²¹<
417 626 550 679 Cum
579 630 762 678 autem
788 625 1031 679 venisset
1058 625 1111 677 in
1139 626 1463 690 Jerusalem,
1509 627 1762 679 tentabat
1807 646 1864 680 se
1885 628 2123 698 jungere
2160 627 2346 680 disci--

279 711 439 780 pulis,
471 715 526 763 et
554 727 742 762 omnes
772 709 1042 761 timebant
1070 727 1214 772 eum,
1243 728 1352 761 non
1381 709 1667 762 credentes
1708 710 1855 780 quod
1894 716 2039 764 esset
2079 709 2319 780 discipu-

199 796 253 842 27
275 797 376 848 lus,
409 800 441 837 ²¹<
471 794 748 846 Barnabas
778 799 959 845 autem
987 794 1390 863 apprehensum
1430 793 1585 847 illum
1614 794 1773 846 duxit
1800 795 1871 846 ad
1902 794 2198 864 Apostolos
2230 815 2240 846 :
2272 799 2328 846 et

274 878 515 930 narravit
555 877 661 928 illis
702 875 975 946 quomodo
1015 876 1070 926 in
1114 876 1201 928 via
1241 875 1474 928 vidisset
1515 877 1828 942 Dominum,
1859 882 1914 929 et
1943 879 2069 948 quia
2109 878 2323 930 locutus
2399 904 2424 909 >-

275 967 358 1012 est
385 962 450 1024 ei,
483 967 537 1012 et
564 960 835 1030 quomodo
864 960 917 1010 in
951 959 1216 1011 Damasco
1246 959 1574 1011 fiducialiter
1614 961 1790 1028 egerit
1821 961 1876 1012 in
1909 961 2130 1013 nomine
2169 961 2324 1014 Jesu.

201 1048 253 1087 28
277 1049 308 1085 ³¹<
339 1045 409 1095 Et
449 1050 564 1096 erat
603 1061 726 1095 cum
766 1043 875 1094 illis
915 1043 1128 1094 intrans
1159 1049 1213 1093 et
1241 1043 1428 1094 exiens
1458 1043 1515 1094 in
1544 1044 1873 1108 Jerusalem,
1904 1051 1960 1096 et
1991 1044 2323 1096 fiducialiter

334 1348 403 1390 25.
456 1346 775 1390 AcctmaNTEs
827 1359 927 1390 EUM
979 1359 1219 1391 DISCIPULI
1272 1359 1439 1399 NOCTE,
1488 1359 1580 1390 PER
1633 1359 1811 1391 MURUM
1863 1359 2158 1391 mMIsERUN'r
2209 1359 2325 1391 EUM.

275 1416 559 1474 Accipientes
577 1416 869 1471 pleonastice
892 1417 1116 1472 ponitur:
1144 1416 1202 1459 cf.
1230 1420 1396 1460 notata
1413 1415 1473 1458 ad
1494 1414 1641 1467 VIII,
1668 1415 1740 1459 26.
1771 1417 1867 1459 PER
1883 1429 2059 1460 MURUM
2083 1414 2328 1470 (flandrica

273 1485 385 1529 door
416 1484 502 1529 den
535 1500 687 1536 mum,
730 1500 840 1536 non,
875 1485 1009 1541 lanqs
1042 1485 1128 1528 den
1165 1487 1342 1538 mum),
1377 1499 1462 1542 per
1495 1490 1776 1542 aperturam
1811 1486 1955 1537 muri,
1988 1485 2216 1530 videlicet
2242 1500 2329 1542 per

262 1556 519 1611 fenestram
548 1554 592 1608 (2
617 1554 723 1598 Gor.
747 1554 837 1605 XI,
866 1554 938 1608 33)
965 1554 1139 1598 domus
1160 1553 1365 1611 alicujus
1390 1569 1532 1598 muro
1566 1554 1760 1598 innixae.
1795 1554 1944 1612 Fugit
1977 1560 2140 1598 autem
2174 1568 2190 1589 ¹¹
2216 1554 2329 1611 quia

273 1627 300 1647 “
328 1629 375 1669 et
398 1625 726 1680 semetipsum,
750 1639 892 1680 quem
917 1625 1233 1682 profuturum
1258 1625 1426 1669 multis
1452 1629 1666 1676 noverat,
1700 1625 1824 1669 vidit
1857 1639 1998 1681 posse
2031 1624 2252 1676 deficere,
2281 1627 2329 1668 et

275 1698 301 1727 “
323 1700 407 1739 aut
428 1695 573 1738 nullis
598 1709 648 1738 se
670 1694 736 1738 ibi
761 1699 846 1738 aut
871 1695 1034 1751 paucis
1070 1694 1314 1751 prodesse.
1354 1694 1611 1739 Secessum
1646 1700 1807 1739 autem
1831 1709 1858 1739 a
1880 1696 2145 1740 certamine
2171 1686 2324 1752 petiit,

274 1768 300 1789 ‘⁶
325 1770 632 1823 pugnaturus
679 1765 865 1809 felicius
899 1765 959 1808 ad
992 1766 1084 1809 alia
1125 1780 1174 1808 se
1213 1765 1337 1809 bella
1371 1766 1585 1810 servavit
1609 1765 1668 1819 (s.
1696 1764 1839 1822 Greg.
1875 1765 2046 1810 Illoral.
2086 1766 2156 1817 31,
2182 1765 2276 1818 14).
2300 1762 2326 1782 ”

334 1837 403 1879 26.
444 1836 726 1880 JERUSALEM
766 1836 856 1881 ivit
893 1836 1069 1893 (prima
1106 1836 1208 1879 vice
1247 1842 1356 1892 post
1396 1836 1796 1891 conversionem),
1836 1841 1892 1880 ut
1934 1837 2129 1880 Petrum
2166 1849 2323 1879 coram

275 1911 601 1962 cognosceret,
636 1905 738 1949 Gal.
774 1905 812 1958 I,
847 1906 917 1949 18.
957 1930 1012 1936 —
1045 1905 1299 1949 TlMEBANT
1333 1918 1449 1949 EUM.
1476 1905 1742 1962 Quomodo,
1766 1920 1852 1963 per
1875 1910 2067 1950 tantum
2096 1905 2324 1962 temporis

278 1976 502 2031 spatium,
531 1991 591 2020 sc.
621 1990 706 2032 per
729 1981 884 2020 totum
921 1976 1201 2026 triennium,
1240 1976 1358 2020 satis
1394 1983 1529 2020 certa
1555 1977 1613 2021 de
1639 1976 1773 2021 Sauli
1806 1976 2119 2021 conversione
2152 1975 2325 2021 notitia

277 2046 337 2090 ad
373 2046 662 2090 christianos
696 2046 1130 2104 Jerosolymitanos
1171 2062 1268 2091 non
1307 2048 1600 2104 pervenerit,
1644 2047 1837 2092 difficile
1874 2052 1949 2091 est
1988 2046 2239 2104 explicare,
2274 2046 2323 2089 in

278 2122 414 2161 tanta
449 2118 737 2162 narrationis
773 2117 1027 2161 brevitate.
1069 2117 1294 2162 Forsitan
1337 2133 1482 2162 causa
1519 2124 1624 2163 erat
1664 2119 1844 2163 bellum
1878 2119 2007 2163 inter
2042 2119 2242 2162 Aretam
2275 2120 2322 2162 et

278 2186 520 2231 Romanos
554 2186 678 2230 circa
710 2187 853 2230 finem
887 2186 1067 2230 Tiberii
1107 2187 1390 2244 regnantis3
1425 2188 1502 2232 vel
1535 2203 1612 2232 res
1645 2188 1965 2232 adscribenda
1997 2194 2071 2232 est
2102 2186 2324 2232 civilibus

281 2256 739 2313 perturbationibus,
776 2271 882 2313 quae
927 2256 1118 2314 Syriam
1156 2272 1209 2300 ea
1244 2262 1532 2314 tempestate
1568 2257 1837 2315 agitabant,
1874 2258 2163 2314 solitamque
2202 2270 2324 2301 com-

281 2328 445 2372 mercii
466 2327 843 2372 familiaritatem
869 2328 1141 2372 Jerusalem
1166 2330 1294 2373 inter
1322 2334 1370 2372 et
1397 2329 1687 2373 Damascum
1711 2329 2059 2385 impediebant.

339 2398 409 2443 27.
448 2398 713 2450 BARNABAS,
755 2398 922 2443 Levita
959 2399 1039 2442 ille
1081 2399 1303 2456 Cyprius,
1344 2399 1401 2444 de
1439 2414 1533 2456 quo
1574 2400 1665 2452 IV,
1703 2400 1758 2444 36
1799 2419 1808 2443 2
1843 2400 1980 2444 facile
2018 2399 2324 2456 suspicamur

280 2468 393 2513 Olim
421 2467 521 2524 jam
556 2468 826 2512 Barnabam
860 2470 987 2513 inter
1023 2474 1071 2514 et
1108 2470 1308 2514 Saulum
1343 2471 1603 2528 quamdam
1636 2471 1884 2516 exstitisse
1916 2471 2031 2516 vitae
2064 2470 2324 2514 necessitu-
2423 2526 2427 2527 ⁷

281 2541 442 2585 dinem
467 2547 550 2585 aut
575 2542 849 2585 amicitiam.
877 2542 1243 2587 APPREHENSUM
1268 2557 1417 2588 ILLUM
1440 2557 1586 2588 Duxir
1610 2557 1670 2588 AD
1692 2556 1953 2588 APOSTOLOS.
1979 2543 2324 2601 Apprehensum
2403 2560 2430 2573 ··

281 2625 366 2667 per
399 2611 730 2666 pleonasmum
766 2611 1009 2668 adjectum
1043 2627 1139 2657 non
1173 2620 1281 2667 est;
1320 2614 1404 2658 sed
1439 2616 1562 2672 sign.
1601 2634 1610 2659 :
1645 2630 1753 2659 curn
1790 2615 2018 2659 benevole
2050 2629 2161 2658 eum
2193 2628 2321 2659 exce·

280 2682 446 2737 pisset.
483 2682 556 2724 AD
591 2694 850 2734 APOSTOLOS,
884 2682 943 2726 ad
976 2698 1055 2727 eos
1090 2683 1336 2738 apostolos
1375 2685 1457 2742 qui
1490 2691 1608 2730 tunc
1640 2686 1762 2730 forte
1802 2685 2120 2743 Jerosolymis
2153 2690 2320 2737 erant;

280 2750 525 2802 nimirum,
563 2751 623 2794 ad
665 2751 865 2795 Petrum
907 2758 953 2796 et
994 2752 1244 2805 Jacobum,
1285 2754 1384 2811 qui,
1425 2759 1479 2798 ut
1517 2756 1705 2799 eruitur
1739 2770 1795 2799 ex
1840 2755 1943 2800 Gal.
1976 2755 2016 2807 Ι,
2052 2755 2200 2806 17-19,
2233 2753 2322 2799 soli

280 2820 345 2864 ibi
367 2820 580 2864 aderant.
607 2820 756 2864 Nulla
779 2821 933 2878 igitur
958 2823 1283 2878 repugnantia
1307 2830 1381 2867 est
1406 2822 1535 2867 inter
1561 2825 1667 2869 Act.
1695 2825 1866 2880 Apost.
1894 2829 1941 2869 et
1964 2824 2105 2881 epist.
2132 2823 2191 2867 ad
2215 2821 2319 2866 Gal.
2414 2861 2416 2867 ,

281 2891 464 2942 (contra
495 2889 593 2933 *De
636 2889 807 2942 Wette).
841 2915 897 2922 -
930 2891 998 2935 ΕΤ
1037 2904 1260 2945 QUOMODO
1298 2905 1631 2937 moneamur.
1665 2907 1838 2938 neuma:
1875 2907 1925 2938 m
1964 2905 2148 2937 Nonum
2186 2891 2320 2936 Jsssu.
2355 2899 2360 2909 '
2397 2895 2419 2902 ''

281 2959 445 3003 Graece
485 2978 494 3002 :
530 2960 750 3017 quomodo
789 2975 960 3017 maqna
997 2961 1214 3019 loquendi
1259 2962 1467 3007 libertate
1511 2978 1622 3008 usus
1652 2964 1807 3021 fuerit
1845 2964 1897 3008 in
1938 2961 2228 3020 (profitendo
2273 2966 2322 3007 et

279 3028 600 3083 praedicando)
627 3029 812 3073 nomine
837 3030 1048 3074 Domini.
2391 3083 2402 3087 ,

337 3096 408 3140 28.
432 3097 610 3142 ERAT...
635 3111 850 3143 INTRANS.
875 3099 1006 3144 Nota
1031 3104 1106 3145 est
1128 3101 1360 3158 syntaxiS,
1380 3115 1474 3159 qua
1495 3101 1698 3146 verbum
1721 3102 1915 3147 finitum
1941 3116 2050 3146 cum
2068 3099 2322 3159 participio
2389 3096 2419 3138 *³-

279 3167 597 3219 construitur,
630 3168 690 3212 ad
722 3169 1078 3226 designandum
1111 3177 1275 3215 actum
1307 3171 1588 3228 frequenter
1623 3173 1883 3228 repetitum
1918 3178 1968 3216 et
1999 3172 2139 3230 quasi
2171 3170 2321 3227 contif

279 3249 431 3278 nuum
468 3253 478 3282 ;
517 3236 572 3280 cf.
611 3246 773 3282 annot.
812 3239 851 3290 Ι,
893 3240 962 3283 13.
1007 3239 1118 3283 CUM
1150 3253 1266 3284 11.1.1s
1305 3254 1507 3285 INTRANS
1547 3255 1602 3285 Er
1641 3254 1827 3295 Emes,
1876 3242 1927 3286 in
1958 3241 2186 3287 omnibus
2219 3240 2321 3287 suis

277 3307 545 3352 actionibus
569 3310 873 3355 familiariter
895 3313 1272 3358 conversabatur
1293 3328 1403 3358 cum
1434 3314 1508 3365 iis,
1541 3314 1600 3358 cf.
1638 3314 1678 3366 I,
1713 3315 1764 3357 21
1801 3334 1810 3359 :
1846 3315 1973 3372 quod
2007 3315 2202 3372 quidem
2235 3324 2321 3371 per
2343 3318 2349 3324 '

277 3377 549 3433 quindecim
589 3378 690 3423 dies
727 3380 857 3432 fecit,
897 3381 999 3425 Gal.
1043 3382 1082 3434 I,
1117 3382 1185 3426 18.
1221 3407 1274 3414 -—
1311 3383 1408 3427 Sed
1442 3382 1544 3427 Gal.
1581 3384 1618 3436 1,
1651 3385 1706 3428 22
1742 3384 1921 3429 Paulus
1960 3385 2078 3430 dicit
2116 3403 2126 3429 :
2166 3385 2319 3430 Eram

275 3448 598 3506 iqnotusfacie
622 3450 819 3494 ecclesiis
839 3452 1028 3506 Judaeoe,
1055 3469 1155 3511 quoe
1173 3457 1307 3498 erant
1329 3454 1383 3498 in
1411 3453 1608 3500 Christo.
1634 3455 1981 3513 Hocintellige
2005 3457 2098 3502 ita:
2119 3455 2316 3514 ignotus
2332 3490 2350 3506 -.

275 3533 421 3572 eram,
443 3533 540 3565 non
563 3520 773 3565 ecclesiae
799 3521 831 3566 J
832 3523 1233 3580 erosolymitanae‚
1256 3525 1341 3569 sed
1365 3525 1540 3570 ceteris
1563 3540 1647 3583 per
1671 3526 1703 3572 J
1706 3526 1892 3572 udaeam
1920 3526 2152 3572 ecclesiis.
2346 3519 2392 3545 ‘²‘
