2430 4030
250 326 350 376 38,
731 339 1086 375 mraonuc'mo
1129 339 1184 374 ιΝ
1223 339 1385 375 Aorus
1424 341 1818 378 ArosToLoRUM.

323 472 375 522 6⁰
420 468 597 522 Ver-sio
643 469 894 538 Georyica
938 488 1031 520 seu
1069 471 1298 534 Iberica,
1340 471 1510 522 seculi
1539 471 1639 536 VI,
1669 491 1736 523 ex
1765 473 1962 541 graecis
1990 472 2296 524 codicibus,

252 554 361 606 Sed
398 559 584 606 textus
631 553 811 606 editus
858 554 1186 605 auctoritate
1235 572 1435 622 magna
1478 573 1586 605 non
1629 555 1860 624 gaudet.

664 713 690 779 ᾧ
735 711 819 761 22.
862 709 1141 761 Eclitiones
1171 711 1461 779 prcecipuce
1504 715 1676 762 textus
1705 712 1882 779 φοραί.

323 847 500 912 Quum
540 848 594 898 in
636 864 691 898 re
732 846 943 910 critica,
985 846 1053 897 ad
1095 846 1588 898 commendandam
1631 847 1769 898 hanc
1811 847 1897 899 vel
1937 846 2087 897 illam
2137 845 2295 898 lecti-

249 952 426 998 onem,
468 934 796 1001 principales
837 938 1023 984 textus
1063 934 1230 1001 graeci
1272 933 1543 986 editiones
1572 952 1717 1002 saepe
1746 935 1986 986 cite‘ntur
2017 955 2027 986 ι
2058 937 2298 1002 oportet,

248 1022 374 1085 post
426 1016 607 1067 datam
662 1015 911 1067 codicum
967 1016 1387 1085 versionumque
1442 1017 1693 1068 notitiam
1749 1017 1990 1081 brevem,
2047 1017 2296 1086 quaedam

247 1100 448 1151 addere
490 1099 556 1150 de
598 1099 888 1167 praecipuis
929 1098 1266 1150 editionibus
1310 1101 1526 1167 graecis,
1557 1119 1852 1170 earumque
1881 1105 2124 1165 auctore,
2157 1119 2297 1168 prae-

248 1183 452 1236 stantia
480 1188 535 1233 et
563 1183 819 1234 utilitate.
852 1182 1077 1245 Verum,
1107 1201 1175 1233 ne
1204 1183 1426 1251 longius
1468 1189 1624 1235 extra
1665 1183 1867 1235 limites
1909 1183 2299 1253 progrediatur

248 1266 363 1318 haec
413 1264 768 1328 introductio,
826 1266 891 1316 de
948 1285 1008 1316 ea
1057 1271 1271 1316 tantum
1326 1266 1567 1326 editione
1621 1285 1741 1335 quae
1799 1267 1989 1318 Tecrtus
2040 1265 2296 1335 Receptus

247 1354 473 1401 vocatur
512 1349 817 1416 loquemur,
847 1355 901 1398 et
932 1367 1092 1416 parce
1132 1349 1372 1418 quidem,
1412 1349 1468 1399 in
1510 1349 1653 1402 hunc
1693 1351 2001 1419 praesertim
2034 1351 2199 1401 finem
2241 1354 2300 1400 ut

249 1431 363 1498 ejus
410 1431 589 1481 fontes
634 1431 852 1499 vimque
902 1432 1149 1483 criticam
1201 1450 1620 1500 cognoscamus,

323 1513 509 1565 Tewtzcs
554 1515 828 1582 Receptus,
879 1516 1099 1566 nomine
1146 1514 1348 1582 injuste
1398 1521 1680 1583 usurpato,
1727 1514 1928 1566 dicitur
1977 1515 2065 1567 ille
2108 1515 2200 1584 qui
2239 1515 2298 1565 in

248 1597 583 1649 editionibus
627 1597 999 1648 Elzevirorum
1039 1597 1337 1659 invenitur,
1379 1598 1580 1666 quique
1618 1597 1856 1666 primum
1902 1597 2106 1666 prodiit
2153 1598 2298 1664 Lug-

248 1681 383 1732 duni
435 1681 768 1733 Batavorum
829 1680 1094 1748 (Leyden)
1154 1700 1200 1732 a.
1262 1682 1423 1733 1624.
1482 1681 1830 1750 Exemplaria
1883 1687 2066 1733 autem
2132 1679 2296 1749 hujus

249 1765 507 1816 editionis
555 1765 624 1816 ob
669 1764 1000 1832 elegantiam
1042 1766 1162 1833 typi
1204 1770 1258 1816 et
1300 1765 1489 1817 formae
1530 1765 1977 1817 commoditatem
2017 1765 2298 1816 celerrime

248 1853 552 1915 propagata
591 1853 741 1909 sunt,
781 1847 916 1898 adeo
958 1848 1179 1915 quidem
1209 1853 1268 1899 ut
1299 1854 1485 1899 textus
1513 1848 1625 1911 ille,
1655 1848 1723 1898 ab
1754 1866 1817 1899 eo
1847 1854 2094 1916 tempore
2125 1864 2296 1916 usque

248 1931 317 1982 ad
357 1951 403 1982 a.
450 1930 586 1982 1735
629 1949 772 2000 saepe
814 1949 1057 1993 recusus,
1099 1932 1264 1999 longe
1306 1933 1524 2001 lateque
1567 1932 1799 1983 diffusus
1827 1932 2015 1995 fuerit,
2046 1936 2100 1982 et
2130 1931 2297 2000 vulgo

248 2019 485 2083 receptus
514 2015 823 2083 appellatus
852 2014 941 2065 sit.
973 2014 1131 2065 Hanc
1160 2020 1340 2065 autem
1371 2015 1675 2083 speciosam
1717 2015 2220 2066 denominationem
2251 2015 2301 2066 ei

249 2102 521 2153 immerito
563 2102 724 2164 tradi,
769 2102 968 2153 docent
1009 2102 1212 2152 eruditi
1253 2103 1504 2153 hodierni
1546 2121 1734 2154 omnes
1766 2123 1776 2153 ε
1809 2107 1994 2154 textus
2035 2101 2301 2153 dicendus

250 2190 335 2236 est
361 2203 467 2236 non
493 2185 847 2254 recipienclzw,
879 2185 1061 2254 potius
1091 2202 1251 2254 quam
1280 2190 1533 2254 receptus.
1565 2186 1773 2254 Magna
1800 2187 1943 2237 enim
1972 2185 2301 2237 auctoritate

250 2286 360 2319 non
409 2268 580 2336 pollet
629 2289 638 2318 :
691 2268 962 2337 siquidem
1010 2269 1147 2318 nihil
1189 2269 1338 2319 aliud
1386 2269 1545 2320 nobis
1589 2270 1816 2321 exhibet
1860 2287 2022 2339 quam
2069 2267 2302 2320 Roberti

254 2351 520 2420 Stephani
584 2353 880 2404 editionem
949 2353 1168 2403 tertiam
1236 2352 1457 2403 Parisiis
1512 2371 1558 2404 a.
1617 2353 1776 2415 1550,
1832 2371 1954 2404 cum
2022 2351 2300 2403 nonnullis

250 2435 649 2486 mutationibus
709 2435 1173 2501 (Tischendorfius
1228 2441 1381 2486 notat
1442 2435 1563 2502 150)
1623 2453 1692 2487 ex
1744 2435 2082 2487 editionibus
2137 2434 2300 2486 Bezae

253 2518 576 2586 desumptis.
608 2517 725 2570 Illae
752 2523 933 2568 autem
964 2518 1120 2569 Bezae
1149 2517 1478 2569 mutationes
1501 2536 1568 2568 ex
1596 2518 1791 2570 Bibliis
1816 2516 2301 2586 Oomplutensibus

251 2606 307 2653 et
354 2601 681 2670 quibusdam
729 2601 1115 2669 manuscriptis
1158 2601 1431 2653 oriuntur.
1477 2601 1751 2653 Robertus
1799 2619 1928 2653 vero
1981 2600 2300 2669 Stephanus

253 2686 308 2736 in
360 2684 598 2736 editione
652 2686 815 2736 tertia
867 2691 1086 2736 secutus
1145 2691 1228 2736 est
1296 2684 1510 2736 Erasmi
1576 2686 1840 2753 quintam,
1915 2683 2303 2754 Complutensi

251 2768 636 2836 nonnullisque
665 2767 946 2819 codicibus
974 2767 1202 2819 collatis,
1232 2767 1394 2819 Nunc
1425 2773 1624 2832 autem,
1657 2768 1916 2819 Erasmus
1956 2768 2014 2818 in
2055 2767 2302 2819 editione
2413 2786 2430 2835 2‘

252 2850 440 2918 quinta
479 2869 527 2901 a.
568 2850 705 2900 1535
747 2867 871 2902 suos
911 2850 1127 2901 codices
1154 2855 1210 2900 et
1239 2851 1520 2919 exemplar
1553 2850 1944 2918 Complutense
1985 2849 2241 2901 adhibuit
2286 2869 2297 2900 :

253 2935 351 2987 sed
398 2936 614 2987 codices
662 2935 779 3004 ejus
829 2936 988 3004 pauci
1030 2935 1181 2986 fuere
1225 2940 1280 2986 et
1327 2936 1680 2999 recentiores,
1723 2942 1889 3005 atque
1930 2936 1999 2987 ad
2041 2934 2301 2986 familiam

253 3017 920 3087 Constantinopolitanam
947 3018 1299 3087 pertinebant
1328 3037 1535 3071 omnes.
1567 3019 1811 3070 Tandem
1839 3019 2010 3070 editio
2041 3017 2300 3086 Complu-
2351 3086 2356 3091 ξ
2406 3073 2415 3089 ,μ

254 3102 423 3152 tensis
457 3101 547 3168 (ex
574 3101 769 3153 Alcala
796 3101 856 3152 de
890 3101 1125 3164 He'nares
1154 3103 1207 3152 in
1240 3102 1553 3170 Hispania),
1584 3103 1642 3153 in
1672 3102 1868 3154 Bibliis
1897 3102 2224 3171 polyglottis
2250 3119 2298 3154 a.
2378 3145 2385 3157 ‚i
2415 3112 2417 3115 ’

253 3183 388 3235 Ι52Ο
429 3184 654 3248 inserta,
698 3185 975 3237 elaborata
1011 3185 1117 3235 fuit
1153 3185 1223 3235 ad
1260 3184 1476 3236 codices
1506 3184 1790 3253 quosdam,
1835 3185 1930 3253 qui
1970 3202 2081 3236 non
2122 3183 2298 3236 nomi-

252 3275 470 3332 nantur,
525 3271 727 3339 quique
779 3270 964 3339 potius
1017 3289 1140 3323 cum
1193 3270 1592 3322 recentioribus
1651 3270 1702 3336 (a
1755 3270 1938 3322 seculo
1991 3269 2077 3321 XI
2123 3285 2298 3338 usque

251 3349 321 3400 ad
372 3349 568 3418 XIII),
622 3370 781 3420 quam
834 3370 957 3403 oum
1009 3352 1424 3421 antiquissimiS,
1478 3352 1940 3416 consentiebant5
2007 3357 2296 3420 praeterea,
2393 3412 2403 3422 ‚

253 3432 322 3484 ad
367 3433 624 3485 familiam
675 3434 1342 3504 Constantinopolitanam
1391 3435 1715 3503 spectabant
1755 3435 1920 3486 etiam
1961 3452 2150 3488 omnes
2198 3433 2298 3501 (l).
2385 3430 2399 3490 ’Ξ

315 3567 379 3620 (1)
417 3566 535 3611 Duae
561 3567 779 3612 codicum
803 3578 1072 3625 graecorum
1098 3569 1295 3614 familiae
1319 3569 1370 3612 in
1392 3566 1554 3614 studio
1577 3567 1744 3614 critico
1767 3582 1805 3612 s.
1831 3558 2100 3626 Scripturae
2123 3565 2300 3635 distin·

254 3641 501 3692 guuntur:
526 3637 568 3679 1⁵
594 3636 1234 3683 Alexandrino-occidentalis
1257 3638 1349 3693 (vel
1373 3637 1627 3712 Africana)
1650 3651 1730 3683 eos
1754 3637 2094 3694 complectitur
2113 3634 2300 3693 codices
2362 3679 2375 3702 2:
