2430 4030
222 305 290 355 88
771 322 932 357 ACTUS
972 322 1368 370 APOSTOLORUM,
1413 308 1479 371 V,
1528 309 1709 362 12-42.

142 460 195 502 37
219 452 517 504 credebant
556 453 622 516 ei,
664 452 917 520 dissipati
957 458 1105 515 sunt,
1146 460 1203 504 et
1241 455 1450 508 redacti
1490 457 1559 508 ad
1601 457 1851 510 nihilum.
1882 463 1914 500 ²¹<
1946 458 2081 511 Post
2122 460 2267 512 hunc
2334 447 2397 525 -7'3

216 536 403 588 extitit
441 535 617 587 eludas
658 534 915 587 Galilaeus
958 536 1009 586 in
1053 536 1247 588 diebus
1290 539 1665 606 professioniS,
1696 547 1751 593 et
1777 543 1978 594 avertit
2004 543 2266 612 populum

214 623 340 687 post
391 636 466 682 se,
521 625 576 670 et
626 619 746 686 ipse
799 619 962 687 periit
1010 640 1019 670 :
1068 624 1123 670 et
1168 637 1376 684 omneS,
1425 627 1701 692 quotquot:
1745 632 2142 677 consenserunt
2197 626 2265 689 ei,
2370 635 2397 645 ’

137 712 193 751 38
215 702 449 770 dispersi
476 708 622 754 sunt.
649 706 681 744 ²¹<
712 702 783 754 Et
811 721 955 755 nunc
983 702 1166 771 itaque
1198 703 1322 755 dico
1349 705 1528 769 vobis,
1560 706 1825 759 discedite
1853 708 1921 760 ab
1951 708 2265 762 hominibus
2368 770 2375 774 5

213 786 351 850 istiS,
381 790 436 837 et
462 786 626 837 sinite
661 786 783 837 illos
815 808 824 839 ι
877 786 1133 854 quoniam
1171 786 1218 838 si
1255 792 1340 838 est
1383 805 1450 839 ex
1490 789 1804 842 hominibus
1843 792 2132 844 consilium
2164 793 2264 844 hoc
2378 798 2398 854 ζ’

135 877 190 917 39
211 874 306 921 aut
351 887 507 937 opus,
552 868 918 922 dissolvetur:
953 874 986 911 ²¹<
1015 870 1062 921 si
1108 888 1238 922 vero
1287 889 1354 922 ex
1404 872 1519 924 Deo
1564 878 1666 937 est,
1708 891 1815 925 non
1858 875 2110 944 poteritis
2150 875 2263 927 dis·
2315 864 2317 866 .

208 1092 319 1136 dam
357 1093 418 1137 ab
450 1092 531 1137 illo
564 1092 811 1137 diversum
842 1091 1056 1143 Theuda,
1090 1091 1166 1136 vel
1197 1090 1411 1145 Theoda,
1444 1092 1501 1137 de
1536 1108 1631 1151 quo
1666 1094 1880 1152 loquitur
1911 1094 1988 1140 ΕΖ.
2019 1094 2262 1154 Josephus‚

207 1163 376 1222 Antiq.
403 1163 514 1214 XX,
540 1164 579 1215 5,
605 1164 644 1215 1,
670 1177 821 1220 quum
846 1176 934 1206 nec
955 1166 1190 1218 tempora,
1217 1177 1374 1219 neque
1401 1163 1494 1206 alia
1523 1178 1684 1207 rerum
1707 1165 1932 1222 adjuncta
1957 1166 2260 1212 concordent.

208 1233 400 1278 Etenim
439 1232 677 1285 TheudaS,
718 1232 777 1276 de
814 1246 907 1289 quo
949 1231 1209 1287 Josephus‚
1246 1232 1366 1276 vixit
1401 1232 1490 1275 sub
1526 1232 1744 1286 Claudio,
1784 1233 2060 1279 Gamalielis
2097 1239 2260 1280 autem

205 1304 358 1349 oratio
397 1304 551 1347 multo
588 1310 714 1354 ante,
750 1303 838 1346 sub
870 1302 1078 1354 Tiberio,
1112 1301 1275 1345 habita
1308 1302 1416 1347 fuit.
1452 1303 1564 1348 Non
1599 1304 1705 1348 ideo
1737 1310 1900 1349 tamen
1932 1305 2155 1361 neganda
2186 1310 2262 1350 est

204 1373 462 1418 existentia
484 1373 637 1417 nostri
662 1372 870 1416 Theodae
895 1391 902 1415 :
928 1372 977 1414 in
1001 1371 1096 1415 ista
1119 1371 1246 1415 enim
1275 1376 1420 1416 aetate
1450 1372 1732 1429 hujusmodi
1766 1374 2029 1419 seditiones
2062 1378 2138 1419 sat
2169 1375 2260 1419 fre-

203 1447 405 1499 quentes
438 1448 578 1486 erant
610 1443 736 1486 inter
769 1441 990 1493 Judaeos;
1015 1441 1186 1484 deinde
1214 1456 1387 1485 nomen
1415 1442 1534 1486 illud
1563 1443 1692 1499 apud
1717 1443 1849 1500 ipsos
1876 1458 2003 1500 saepe
2026 1444 2256 1497 occurrit3

203 1512 399 1556 tandem
432 1512 678 1568 Josephus
712 1512 868 1555 multa
901 1510 1092 1555 silentio
1127 1512 1381 1566 praeteriit,
1414 1526 1622 1568 quorum
1662 1514 1843 1557 veritas
1884 1513 2171 1570 neutiquam
2210 1513 2260 1557 in

202 1583 404 1628 dubium
438 1583 598 1628 vocari
629 1587 810 1639 potest;
840 1597 885 1627 v.
911 1597 984 1639 gr.
1011 1582 1190 1626 caedem
1226 1597 1490 1638 puerorum
1526 1583 2055 1637 Bethlehemiticorum,
2079 1583 2136 1628 de
2163 1598 2260 1642 qua

202 1652 378 1697 Matth.
405 1652 475 1704 ΙΙ,
496 1652 566 1696 16.
590 1651 736 1695 Forte
759 1651 902 1695 etiam
926 1651 1107 1694 factum
1132 1651 1252 1694 illud
1278 1651 1330 1694 in
1357 1665 1407 1695 se
1431 1666 1527 1695 non
1552 1653 1671 1696 satis
1697 1654 1859 1708 magni
1884 1654 2117 1698 momenti
2138 1660 2260 1706 erat,

202 1729 256 1768 ut
280 1724 328 1767 in
350 1723 603 1768 historiam
628 1722 892 1767 referretur
918 1722 1065 1776 (unus
1089 1722 1294 1773 occisus,
1313 1727 1360 1766 et
1379 1723 1466 1766 400
1490 1728 1753 1768 sectatores
1775 1723 2043 1781 dispersil).
2061 1723 2260 1769 Reischl

199 1793 427 1850 opinatur
465 1791 727 1843 Theodam,
765 1791 824 1835 de
859 1805 954 1848 quo
994 1790 1228 1835 Gamaliel
1270 1791 1462 1837 locutus
1506 1797 1596 1843 est,
1639 1793 1788 1837 fuisse
1825 1793 1964 1837 illum
2002 1792 2258 1838 Matthiam

201 1864 394 1914 (nomen
432 1861 562 1905 hebr.
606 1861 851 1918 significat
889 1866 1090 1915 θεοδοτον,
1131 1861 1258 1905 unde
1296 1867 1445 1905 Θεοδας
1486 1862 1563 1907 vel
1603 1865 1772 1917 Θευδας)
1807 1863 1890 1919 qui
1933 1862 2023 1907 sub
2064 1862 2258 1908 Herode

199 1932 264 1975 M.
297 1932 566 1976 tumultum
599 1930 826 1975 excitavit
859 1938 905 1974 et
938 1931 1085 1974 morti
1119 1930 1332 1975 traditus
1366 1932 1489 1975 fuit:
1525 1932 1631 1988 lege
1665 1932 1767 1976 JOS.
1803 1934 1911 1976 Ant.
1946 1932 2018 1984 17,
2052 1933 2099 1985 6;
2132 1932 2255 1977 Bell.

196 2002 306 2046 Jud.
334 2004 374 2054 1,
399 2002 470 2054 33,
494 2003 534 2046 2.
560 2001 874 2058 Quocumque
899 2001 1040 2045 modo
1065 2015 1140 2045 res
1175 2015 1225 2045 se
1257 2001 1447 2053 habeat,
1478 2002 1741 2047 veracitate
1774 2006 1822 2047 et
1854 2002 2020 2047 divina
2050 2002 2256 2058 inspira·
2382 2053 2386 2059 ,

197 2073 327 2116 tione
369 2071 512 2116 Lucae
553 2071 668 2122 nixi,
708 2085 908 2126 prorsus
953 2085 1189 2127 negamus
1236 2085 1447 2115 errorem
1491 2070 1795 2124 historicum,
1846 2086 1946 2124 seu,
1995 2076 2049 2116 ut
2101 2072 2256 2126 aiunt,
2322 2103 2338 2105 a
2391 2072 2396 2074 ’

197 2141 610 2186 anachronismum
635 2142 713 2185 hic
735 2140 901 2185 haberi
925 2142 1112 2195 (contra
1134 2139 1232 2185 *De
1266 2141 1446 2194 Wette).

256 2212 326 2257 37.
361 2213 513 2256 JUDAS
546 2226 778 2257 GALiLAEUs
814 2213 934 2266 (Jos.
971 2213 1077 2256 Ant.
1110 2211 1181 2263 20,
1207 2212 1246 2262 5,
1273 2212 1319 2262 2;
1345 2212 1399 2255 Β.
1422 2212 1465 2256 J.
1493 2211 1533 2264 2,
1558 2214 1601 2264 8,
1628 2213 1694 2267 1),
1727 2213 1798 2257 ita
1827 2217 2026 2257 vocatus
2058 2212 2171 2270 quia
2202 2211 2253 2256 in

197 2279 396 2326 Galilaea
419 2283 705 2327 sedit-ionem
731 2282 896 2332 movit,
919 2281 995 2325 vel
1022 2279 1300 2325 Gaulonites
1333 2279 1383 2334 (J
1387 2294 1455 2324 os.
1491 2281 1599 2324 Ant.
1629 2281 1698 2333 18,
1725 2282 1766 2333 1,
1794 2282 1838 2335 1)
1865 2281 1975 2338 quia
1998 2296 2054 2325 ex
2079 2280 2253 2325 Gaulo-

195 2351 348 2396 nitide
374 2351 608 2396 oriundus
631 2356 735 2395 erat
758 2370 767 2395 :
789 2352 880 2395 iste
905 2350 1155 2395 contendit
1189 2349 1219 2394 J
1226 2349 1403 2401 udaeos,
1429 2354 1602 2406 utpote
1634 2354 1830 2405 gentem
1853 2363 1880 2393 a
1906 2350 2008 2393 Deo
2033 2350 2253 2404 electam,

195 2420 443 2473 Romanis,
475 2421 595 2465 viris
628 2420 849 2472 ethnicis,
884 2419 1123 2463 tributum
1157 2418 1269 2462 dare
1303 2432 1399 2462 non
1432 2432 1587 2475 posse.
1625 2417 1900 2464 Sectatores
1926 2419 2028 2476 ejus
2051 2420 2252 2466 fuerunt

195 2491 340 2547 primi
364 2495 585 2545 auctores
607 2490 826 2534 factionis
852 2488 1162 2539 turbulentae,
1189 2502 1296 2545 quae
1320 2492 1489 2542 postea
1516 2487 1606 2531 sub
1631 2488 1824 2532 nomine
1847 2488 2129 2534 Zelotarum
2163 2504 2251 2535 seu

200 2558 490 2609 Sicariorum
523 2565 684 2605 tantas
719 2561 768 2603 in
800 2559 830 2603 J
836 2559 997 2603 udaeos
1029 2558 1230 2602 adduxit
1262 2557 1579 2601 calamitates.
1616 2557 1673 2601 IN
1698 2570 1869 2602 masos
1890 2571 2210 2604 Pssorsssmms
2236 2579 2246 2605 :

196 2634 412 2686 tempore
444 2644 635 2681 censue,
668 2629 900 2672 nimirum
934 2627 1063 2671 illius
1097 2627 1180 2685 qui
1213 2626 1377 2670 decem
1411 2626 1490 2670 vel
1522 2625 1776 2671 duodecim
1809 2627 1949 2682 annis
1984 2635 2095 2684 post
2118 2643 2249 2682 eum,

194 2701 254 2745 de
290 2716 386 2759 quo
425 2701 580 2745 Lucas
615 2700 703 2755 (ΙΙ,
738 2701 760 2743 1
797 2705 844 2744 et
878 2700 921 2753 2)
957 2698 1142 2751 scribit,
1173 2698 1330 2741 factus
1364 2702 1436 2741 est
1471 2715 1480 2741 ε
1514 2711 1687 2754 nempe
1721 2698 1811 2742 sub
1843 2699 2010 2744 eodem
2044 2698 2248 2755 Quirino

196 2772 399 2827 praeside
426 2771 580 2829 Syriae
606 2773 721 2828 (qui,
756 2777 812 2814 ut
843 2769 1054 2819 videtur,
1090 2767 1244 2824 Syriae
1282 2766 1618 2822 praefecturam
1653 2767 1727 2811 bis
1761 2769 1954 2825 gessit),
1986 2774 2246 2827 postquam

192 2848 352 2887 amoto
385 2842 621 2886 Archelao
654 2840 685 2885 J
691 2840 824 2884 udaea
855 2840 978 2883 facta
1010 2838 1169 2882 fuerat
1197 2837 1448 2881 Provincia
1473 2837 1690 2882 Romana
1715 2839 1777 2894 (a.
1805 2838 1830 2881 6
1855 2844 2038 2884 nostrae
2063 2839 2246 2892 chron„

191 2912 327 2971 atqui
359 2916 527 2957 nostra
557 2909 868 2966 chronologia
898 2912 1062 2953 ortum
1094 2906 1212 2951 Jesu
1245 2905 1432 2950 tardius
1461 2909 1611 2962 ponit,
1634 2909 1744 2952 circ.
1775 2910 1801 2951 4
1827 2909 2004 2963 annis).
2030 2909 2244 2954 AVERTIT

193 2993 409 3025 POPULUM
430 2993 536 3025 PosT
559 2993 625 3024 sa.
647 2977 1042 3036 Breviloquentia,
1066 2989 1150 3020 seu
1174 2975 1470 3020 constructio
1490 2990 1743 3034 proeqnans
1765 2996 1778 3021 .·
1803 2977 1983 3023 avertit
2009 2978 2243 3034 populum
2313 2967 2352 3018 ἶ

191 3067 218 3094 a
242 3051 459 3107 legitimo
483 3066 570 3096 suo
593 3050 826 3107 principe,
850 3049 918 3092 ita
942 3052 996 3091 ut
1017 3049 1118 3104 post
1143 3059 1189 3090 se
1215 3046 1413 3098 veniret,
1436 3051 1492 3090 ut
1519 3046 1611 3091 sibi
1636 3047 1922 3093 adhaereret.

251 3120 322 3164 38.
360 3120 414 3164 SI
445 3133 526 3164 Es'r
556 3132 619 3164 Ex
649 3130 945 3163 nominans:
978 3135 1046 3160 εαν
1069 3115 1111 3170 ᾗ,
1136 3116 1184 3158 i'n
1211 3114 1469 3172 subjunct„
1495 3116 1535 3159 si
1559 3122 1769 3172 ponatur
1793 3117 1944 3162 fuisse
1968 3116 2237 3161 humanum
2338 3165 2347 3174 ‚

193 3197 398 3244 tantum,
424 3191 552 3248 quod
577 3195 781 3235 eventus
803 3187 1042 3234 ostendet.
1083 3185 1212 3231 Nota
1234 3185 1322 3230 hoc
1349 3200 1516 3231 revera
1538 3185 1728 3230 differre
1750 3187 1809 3232 ab
1832 3187 1942 3232 istis
1967 3201 2013 3231 v.
2041 3186 2096 3230 39
2122 3186 2165 3230 si
2187 3199 2239 3230 ex
2308 3206 2314 3211 .,

189 3261 285 3305 Deo
309 3265 387 3314 est,
413 3281 445 3306 ει
469 3281 595 3316 εστιν,
621 3261 672 3305 in
694 3261 970 3310 indicativo,
993 3257 1122 3316 quod
1146 3271 1250 3301 rem
1274 3261 1328 3301 ut
1354 3256 1647 3313 probabilem
1672 3258 1816 3303 sistit.
1852 3256 2086 3302 Gamaliel
2107 3256 2239 3302 vide·

192 3338 273 3375 tur
298 3332 346 3375 in
370 3331 493 3376 hanc
517 3346 787 3388 propensus
814 3344 920 3374 esse
940 3328 1232 3386 opinionem,
1264 3325 1402 3371 facile
1431 3326 1534 3370 fieri
1575 3341 1715 3384 posse
1741 3331 1795 3372 ut
1821 3326 1978 3373 divini
2002 3325 2123 3385 quid
2148 3325 2240 3371 han
2290 3318 2342 3330 ²

190 3401 240 3444 in
264 3415 313 3444 re
339 3401 590 3446 habeatur.

248 3472 318 3516 39.
339 3472 417 3516 Nn
440 3483 586 3515 roms
607 3482 665 3514 m·
693 3470 794 3514 Deo
814 3481 1096 3514 REPUGNARE
1127 3478 1418 3512 VIDEAMINI:
1452 3465 1624 3523 supple
1657 3470 1819 3520 cavete,
1841 3467 2062 3513 attendite
2092 3464 2235 3518 vobis,
2287 3494 2331 3530 A,

189 3542 264 3587 vel
295 3542 412 3601 quid
446 3542 616 3586 simile.
652 3541 756 3585 Hoc
789 3542 924 3595 ponit
956 3539 1176 3584 dilemma
1208 3551 1294 3582 seu
1325 3537 1489 3599 biceps
1515 3543 1862 3593 argumentum
1896 3557 1907 3582 ε
1940 3538 2230 3584 institutum
2279 3568 2322 3591 4

190 3613 305 3658 illud
330 3627 507 3658 novum
535 3610 684 3669 (quod
708 3611 973 3668 praedicant
999 3608 1242 3668 Apostoli)
1277 3607 1351 3653 vel
1383 3612 1458 3651 est
1490 3621 1518 3651 a
1552 3606 1666 3658 Deo,
1700 3607 1777 3652 vel
1809 3622 1922 3654 non.
1961 3607 2015 3654 si
2046 3620 2076 3652 a
2106 3605 2232 3659 Deo,
2259 3671 2262 3675 Δ
2291 3602 2328 3663 ,³
