2430 4030
451 312 647 349 mutus
687 310 1080 347 Hmssosomms
1119 310 1149 344 A
1191 309 1486 346 rssA‘rauBus
1529 308 1826 346 EXCIPITUR.
2080 292 2185 345 219

223 449 255 485 ²¹<
288 443 421 496 Post
451 443 566 495 dies
596 448 777 495 autem
807 443 944 495 istos
974 443 1285 512 praeparati,
1315 442 1747 495 ascendebamus
1776 442 1830 493 in
1861 440 2185 494 Jerusalem.
2210 450 2263 492 15

71 556 77 561 -
151 529 184 567 ³¹<
218 525 501 578 Venerunt
540 531 724 578 autem
771 530 826 576 et
874 543 946 577 ex
981 525 1266 595 discipulis
1301 544 1331 576 a
1369 523 1616 588 Caesarea
1661 525 1972 589 nobiscum,
2014 523 2184 576 addu-
2208 533 2263 573 16

151 614 340 661 centes
394 626 579 661 secum
633 607 777 677 apud
832 625 992 677 quem
1047 607 1448 676 hospitaremur
1507 607 1828 660 Mnasonem
1895 606 2185 676 quemdam

102 751 107 755 .
154 690 441 761 Cyprium,
471 692 758 760 antiquum
789 692 1136 760 discipulum.

462 835 490 902 ᾧ
533 839 582 890 5.
627 838 837 891 Paulus
875 838 1226 907 Jerosolymis
1264 839 1326 890 in
1366 856 1626 890 carcerem
1664 837 1877 889 missae.

849 922 972 975 CAP.
1016 922 1497 987 mrum-XXIII.

388 1044 427 1088 1.
479 1044 657 1090 PAULus
688 1059 738 1090 IN
770 1058 952 1091 TEMPLo
986 1059 1436 1092 COMPREHENDITUR.
1471 1046 1584 1092 OAP.
1617 1045 1757 1097 XXI,
1789 1046 1939 1104 17-40.

233 1157 623 1209 Summae-ium.
669 1158 868 1210 Paulus
910 1159 1268 1229 Jerosolymis
1298 1159 1539 1227 benigne
1569 1177 1598 1209 a
1626 1158 1952 1225 christianis*
1971 1156 2182 1225 excipi-

157 1246 245 1290 tur
281 1238 415 1306 (17),
446 1256 674 1306 quorum
717 1241 1013 1293 obsecutus
1055 1242 1284 1293 consilio
1316 1247 1548 1311 quatuor
1581 1240 1859 1292 Nazaraeis
1889 1257 1945 1291 se
1975 1238 2183 1290 socium
2251 1248 2253 1250 ’

154 1319 410 1388 adjungit
453 1325 513 1371 ut
561 1321 772 1374 Judaeis
820 1324 1147 1391 persuadeat
1190 1341 1247 1375 se
1295 1342 1404 1375 non
1451 1341 1569 1374 esse
1600 1322 1741 1390 legis
1773 1321 2029 1373 Mosaicae
2057 1339 2182 1372 con-

157 1408 487 1471 temptorem
534 1404 768 1471 (18-26).
823 1405 929 1456 Isti
983 1405 1337 1457 nihilominus
1391 1405 1688 1457 tumultum
1747 1404 2008 1456 adversus
2063 1421 2185 1454 eum

155 1485 400 1536 excitant
448 1485 681 1554 (zm-30),
727 1487 864 1539 adeo
909 1487 1132 1556 quidem
1180 1494 1239 1540 ut
1286 1488 1496 1539 occisus
1540 1487 1753 1549 fuisset,
1794 1487 1907 1537 nisi'
1947 1486 2183 1538 interve-

156 1566 333 1619 nisset
376 1567 630 1620 tribunus
677 1570 915 1620 militum
960 1570 1194 1638 (31-35).
1245 1571 1390 1622 Dum
1431 1574 1613 1622 autem
1642 1570 1697 1621 in
1728 1587 1907 1621 arcem
1948 1568 2187 1632 ducitur,

157 1647 439 1699 licentiam
469 1650 682 1702 obtinet
709 1651 969 1719 loquendi
999 1652 1067 1703 ad
1097 1652 1358 1721 populum
1393 1651 1626 1719 (36-40).

232 1767 264 1804 ³¹<
293 1762 364 1814 Et
410 1780 532 1815 cum
576 1766 919 1818 venissemus
967 1767 1388 1837 Jerosolymam,
1438 1768 1676 1819 libenter
1723 1772 2060 1836 exceperunt
2088 1785 2187 1820 nos
2211 1788 2264 1830 17

160 1845 372 1897 fratres,
429 1851 460 1887 ²¹<
515 1847 779 1915 Sequenti
824 1855 1006 1901 autem
1063 1850 1149 1902 die
1199 1850 1468 1902 introibat
1523 1851 1726 1903 Paulus
1779 1852 2064 1904 nobiscum
2119 1850 2187 1902 ad
2216 1872 2266 1911 18

212 2038 282 2082 15.
326 2040 606 2086 PRAEPARATI
644 2043 701 2086 ad
742 2044 886 2095 viam,
928 2045 1129 2089 sarcinis
1169 2046 1398 2099 collectis,
1435 2045 1698 2090 secundum
1734 2045 1831 2090 vim
1865 2042 2000 2090 verbi
2041 2046 2188 2101 graeci

154 2129 530 2166 επισκευασαμενοι;
573 2114 800 2159 flandrice
838 2117 1131 2174 reisveerdiq.
1170 2118 1270 2162 Iter
1313 2123 1439 2163 certe
1484 2118 1628 2174 pedes
1673 2117 2018 2174 perficiendum
2067 2123 2187 2173 erat,
2263 2171 2266 2174 v

152 2189 298 2236 atque
339 2181 444 2225 ideo
479 2184 700 2239 specialis
739 2185 957 2242 quaedam
996 2188 1286 2243 praeparatio
1327 2187 1722 2245 sarcinarumque
1760 2188 2018 2243 dispositio
2057 2200 2186 2230 nunc
2257 2243 2259 2245 Ι

153 2250 504 2308 requirebatur.

210 2320 279 2362 16.
308 2321 624 2366 Annucssn'rns
657 2337 811 2368 snoUM
844 2338 965 2369 APUD
1001 2339 1131 2380 QUEM
1164 2340 1526 2373 HosrrrAREMUR
1558 2329 1850 2373 MNASONEM:
1886 2347 2053 2382 αγοντες
2088 2328 2182 2382 παρ’

103 2443 106 2445 Β
146 2406 176 2442 ῳ
198 2392 435 2442 ξενισθωμεν
463 2397 664 2446 Μνασονι,
689 2395 816 2451 quod
836 2397 978 2439 etiam
1006 2399 1074 2441 sic
1098 2399 1222 2442 verti
1243 2404 1422 2454 potest:
1442 2400 1652 2443 ducentes
1672 2400 1795 2454 (nos)
1817 2399 1878 2442 ad
1896 2399 2185 2451 Mnasonem,

151 2457 278 2513 apud
303 2472 433 2514 quem
461 2459 816 2517 hospitaremur.
845 2464 915 2507 De
938 2466 1031 2510 isto
1055 2466 1290 2511 Mnasone
1314 2467 1432 2510 nihil
1455 2468 1588 2511 aliud
1611 2468 1849 2511 novimus.

211 2527 281 2571 17.
328 2526 715 2586 Hierosolymam
769 2533 966 2578 advenit
1012 2533 1076 2586 (51³
1124 2535 1225 2579 vice
1282 2543 1390 2591 post
1445 2537 1826 2590 conversionem)
1878 2536 2021 2592 paulo
2074 2539 2186 2579 ante

154 2595 467 2640 Pentecosten
508 2613 548 2642 a.
595 2600 663 2650 58,
711 2615 872 2645 secum
917 2603 1121 2648 afferens
1168 2606 1496 2663 eleemosynas
1553 2606 1761 2658 (XXIV,
1811 2604 1903 2656 17),
1961 2619 2080 2662 quas
2134 2604 2184 2647 in

153 2663 354 2717 Galatia,
379 2665 659 2712 Macedonia
683 2677 730 2714 et
755 2672 935 2716 Achaia
962 2674 1219 2732 eollegerat
1245 2678 1283 2729 (1
1318 2676 1427 2720 Gor.
1450 2676 1589 2728 XVI,
1617 2678 1636 2719 1
1665 2690 1741 2733 sq;
1777 2677 1803 2719 2
1838 2676 1945 2720 Cor.
1979 2675 2111 2719 VIII
2136 2680 2185 2719 et

153 2733 261 2784 IX).
298 2734 436 2779 Mens
475 2737 518 2778 ei
553 2746 655 2781 erat
687 2740 926 2795 imprimis
961 2743 1222 2788 ethnico-et
1253 2745 1728 2801 judaeo-christianos
1760 2744 1819 2788 ad
1854 2743 2185 2799 perfectiorem

152 2802 390 2847 adducere
428 2806 651 2850 unionem
692 2822 746 2851 ac
785 2811 1104 2856 concordiam.
1148 2814 1366 2869 Epistola
1407 2819 1565 2858 autem
1607 2814 1670 2858 ad
1705 2813 1938 2865 Hebraeos,
1978 2827 2086 2870 quae
2126 2813 2186 2856 ad

152 2871 604 2930 Hierosolymorum
646 2876 825 2921 incolas
867 2879 1104 2936 imprimis
1141 2883 1322 2938 scripta
1357 2883 1563 2934 videtur,
1606 2884 1799 2926 circiter
1841 2883 1865 2925 5
1902 2882 2042 2925 annis
2075 2885 2186 2938 post

151 2950 355 2985 eventus
398 2942 473 2986 hic
511 2958 537 2987 a
579 2959 615 2987 s.
656 2945 786 2989 Luca
827 2955 1049 3010 narratos
1093 2950 1292 3006 (videsis
1334 2952 1509 2996 introd.
1553 2953 1600 2995 in
1634 2952 1699 2995 ill.
1733 2952 1892 3007 Epist.
1925 2951 1976 2993 in
2012 2951 2184 2995 Oomm.

151 3020 320 3054 nostro
358 3011 510 3068 Epist.
551 3013 707 3068 Paul„
750 3017 793 3059 3²²
834 3017 941 3069 ed),
985 3018 1170 3061 utiliter
1210 3019 1287 3063 hic
1327 3021 1617 3072 conferebam
1659 3034 1809 3077 quum
1852 3020 2003 3063 multa
2039 3033 2094 3062 ex
2132 3033 2185 3062 ea

152 3079 314 3135 colligi
339 3082 542 3136 possint,
568 3096 676 3139 quae
702 3093 885 3130 statum
910 3092 958 3130 et
980 3087 1319 3139 conditionem,
1354 3090 1565 3144 pericula
1588 3095 1635 3134 et
1661 3089 1932 3134 vexationes
1966 3088 2183 3132 christia-

153 3162 326 3191 norum
364 3164 416 3193 ea
459 3157 600 3194 aetate
644 3153 709 3197 ibi
751 3157 1169 3208 commorantium,
1218 3158 1432 3212 penitius
1476 3165 1590 3202 nota
1635 3157 1826 3210 faciant,
1874 3164 2018 3215 atque
2066 3157 2183 3201 adeo

152 3217 387 3260 rationem
429 3219 634 3265 reddant
671 3236 835 3267 eorum
875 3238 982 3280 quae
1020 3225 1192 3268 Paulus
1233 3228 1341 3269 Act.
1374 3226 1512 3278 XXI,
1549 3229 1568 3271 1
1606 3241 1677 3284 sq.
1710 3231 1937 3283 expertus
1975 3231 2064 3279 est,
2099 3235 2184 3271 aut

153 3286 322 3331 saltem
347 3302 402 3332 ea
424 3290 680 3336 elucident.

213 3357 284 3404 18.
310 3359 548 3415 JACOBUM,
572 3364 850 3422 episcopum
885 3366 1321 3424 Jerosolymorum:
1354 3369 1474 3422 XII,
1506 3371 1583 3424 173
1617 3369 1727 3423 XV,
1755 3370 1812 3415 13
1834 3369 2028 3427 sqquii
2053 3375 2183 3415 certe

152 3444 248 3474 non
287 3430 488 3476 aderant
527 3435 745 3489 apostoli.
791 3435 1040 3489 Snmonns,
1078 3446 1351 3493 πρεσςυτεροι,
1388 3439 1660 3486 sacerdotes
1694 3441 1952 3498 utriusque
1983 3441 2183 3492 ordinis,

157 3505 260 3544 tum
299 3501 443 3616 {rimi
487 3502 548 3556 (si
583 3513 746 3549 essent
779 3505 860 3559 ibi,
896 3512 1072 3563 praeter
1110 3509 1389 3563 apostolum
1422 3509 1698 3565 Jacobum),
1730 3525 1880 3568 quum
1914 3511 2183 3567 praesertim

155 3584 300 3618 secun
337 3585 365 3616 1.
