2430 4030
250 256 354 310 272
711 271 1049 308 DISSERTATIO
1089 274 1106 307 Ι
1143 274 1199 307 IN
1238 273 1399 309 AGTUs
1438 274 1842 312 APOSTOLORUM.

318 403 537 455 Ordinis
559 411 743 454 autem
770 403 1105 454 Diaconatus
1125 404 1438 455 functiones
1467 406 1761 474 praecipuae
1788 414 1919 457 sunt
1948 413 2058 458 tres
2085 407 2297 474 (secun-

249 485 378 536 dum
420 485 736 554 Pontificale
784 485 1154 552 Romanam):
1203 486 1515 538 ministrare
1560 487 1625 537 ad
1678 488 1870 551 altare,
1919 488 2202 557 baptizare
2245 495 2302 542 et

247 562 562 636 praedicare.
609 567 837 618 Diaconi
866 567 1011 617 enim
1041 567 1109 618 ad
1136 568 1306 619 altare
1337 569 1653 620 ministrant
1681 570 1736 620 iu
1767 570 1934 621 missa
1965 571 2218 635 solemni,
2246 578 2302 624 et

247 669 289 700 s.
345 650 747 701 Eucharistiam
790 656 1073 719 tamquam
1128 651 1368 702 ministri
1422 653 1848 704 extraordinarii
1901 654 2298 718 distribuunt;

248 735 533 802 baptizant
576 734 815 803 publice,
861 736 994 785 item
1045 743 1103 785 ut
1152 734 1390 787 ministri
1433 737 1894 800 extraordinarii3
1948 738 2002 787 in
2053 738 2301 789 ecclesiis

246 818 474 869 verbum
505 818 607 869 Dei
636 817 835 886 populo
865 817 1186 886 praedicant,
1217 837 1285 868 ex
1313 819 1558 887 episcopi
1587 819 1953 888 delegatione.
1981 819 2122 871 Olim
2150 839 2300 886 verO,

240 904 362 972 jure
408 904 705 967 ordinario,
757 905 1085 972 sanguinem
1134 905 1355 956 Domini
1402 906 1458 956 in
1505 924 1549 957 s.
1603 904 2002 958 Gommunione
2041 907 2301 960 fidelibus

248 987 588 1054 praebebant,
619 1004 662 1039 s.
694 986 1097 1037 Eucharistiam
1126 987 1195 1037 ad
1225 987 1470 1039 infirmos
1499 988 1843 1052 deferebant,
1885 989 2068 1040 omnia
2096 1006 2218 1058 quae
2245 990 2300 1040 in

246 1072 473 1122 ecclesia
499 1071 707 1122 fiebant
735 1070 1252 1139 circumspiciebant
1280 1071 1740 1142 ordinabantque,
1787 1091 2032 1125 carceres
2073 1074 2303 1126 obibant

247 1158 307 1204 ut
335 1154 647 1205 christianis
676 1154 1038 1222 spiritualiter
1069 1158 1122 1204 et
1151 1155 1510 1222 corporaliter
1538 1156 1962 1224 opitularentur,
1993 1162 2098 1208 etc.

319 1241 679 1291 Diae-oncrum
722 1246 906 1291 autem
935 1239 1128 1290 stricte
1160 1239 1434 1291 dictorum
1462 1241 1873 1293 institutionem
1904 1243 2029 1294 Act.
2064 1243 2167 1311 Ap.
2198 1241 2300 1306 VI,

253 1323 343 1373 l·6
390 1323 597 1373 narrari
642 1328 865 1373 strenue
923 1321 1274 1385 affirmamus,
1328 1329 1519 1374 contra
1578 1325 1957 1376 Protestantes
2010 1325 2302 1394 plerosque

252 1405 571 1474 (plerosquo,
612 1405 854 1473 inquam,
895 1423 1040 1468 nam,
1085 1410 1227 1456 teste
1274 1405 1530 1468 Perrone,
1581 1407 1744 1459 Prael.
1792 1407 1989 1470 Theol„
2031 1413 2189 1459 tract.
2232 1409 2302 1460 de

249 1487 470 1550 Ordine,
501 1494 558 1537 n⁰
589 1488 675 1549 59,
723 1488 892 1555 aliqui
933 1506 1000 1538 ex
1040 1488 1191 1555 ipsis,
1234 1507 1284 1539 v.
1328 1508 1412 1557 gr.
1466 1489 1809 1553 pearsonius,
1856 1491 2195 1558 Beveregius
2240 1497 2296 1542 et

249 1569 490 1634 Grotius,
540 1571 828 1621 nobiscum
873 1571 1102 1637 faciunt)
1158 1580 1212 1621 et
1266 1577 1457 1622 contra
1502 1572 1801 1624 catholicos
1848 1573 2160 1636 nonnullos,
2203 1573 2296 1642 qui

248 1654 591 1704 contendunt
626 1653 889 1703 Diaconos
932 1654 1011 1704 ibi
1041 1654 1245 1704 electos
1273 1654 1341 1705 ad
1373 1655 1739 1706 ministerium
1770 1660 1984 1707 tantum
2015 1656 2301 1724 profanum

247 1743 303 1788 et
334 1736 528 1788 laicum
559 1736 856 1804 deputatos
886 1737 1083 1787 fuisse:
1131 1755 1327 1805 nempe
1357 1743 1418 1788 ut
1446 1738 1649 1788 mensis
1678 1738 2028 1801 inservirent,
2069 1739 2299 1788 eleemo-

249 1838 412 1887 synas
442 1820 821 1888 dispertirent,
868 1826 1109 1887 aegrotos
1152 1821 1458 1871 inviserent
1487 1827 1591 1872 etc.
1616 1842 1626 1872 :
1659 1822 1743 1873 vel
1771 1822 1987 1885 saltem,
2019 1821 2064 1872 si
2091 1821 2162 1872 ad
2191 1821 2300 1889 spi-

248 1902 444 1952 rituale
474 1902 749 1970 quoddam
778 1921 975 1953 munus
1003 1904 1271 1971 assumpti
1298 1903 1524 1966 fuerint,
1554 1904 1703 1954 nulla
1731 1909 1914 1954 tamen
1945 1904 2301 1955 Ordinatione

249 1985 468 2053 proprie
497 1984 643 2035 dicta
671 2003 762 2035 eos
791 1991 1141 2036 consecratos
1172 1986 1361 2048 fuisse,
1402 1986 1635 2055 ideoque
1664 2004 1755 2037 eos
1784 1987 1930 2037 inter
1959 1986 2103 2038 viros
2131 1986 2299 2037 fuisse

250 2069 307 2119 id
336 2070 515 2135 ipsum
546 2069 693 2136 quod
725 2069 1056 2120 Diuoonisscc
1085 2069 1229 2118 inter
1257 2068 1488 2120 feminas
1517 2076 1722 2120 essent.

323 2150 456 2200 Fide
500 2151 722 2218 quidem
762 2156 956 2200 certum
1001 2169 1107 2201 non
1158 2157 1240 2201 est
1285 2151 1544 2203 diaconos
1574 2152 1853 2220 suscipere
1886 2151 2297 2203 Sacramentum

259 2235 481 2286 Ordinis
509 2236 726 2304 proprie
757 2237 984 2298 dictum,
1018 2237 1266 2304 quamvis
1308 2236 1445 2287 illud
1485 2243 1764 2305 tamquam
1795 2236 2073 2304 theoloqioo
2101 2240 2298 2286 certum

253 2318 575 2387 plerumque
639 2319 981 2370 admittatur.
1056 2322 1313 2370 Attamen
1368 2319 1434 2369 de
1472 2319 1586 2386 fide
1639 2325 1744 2383 est,
1798 2319 1867 2370 ad
1921 2318 2344 2381 hierarchiam,-

250 2401 437 2451 divina
505 2401 850 2451 ordinatione
916 2401 1251 2464 institutam,
1309 2402 1364 2452 in
1432 2402 1680 2453 Ecclesia
1743 2401 2032 2463 catholica,
2097 2405 2301 2469 praeter

250 2484 537 2550 episcopos
590 2489 645 2533 et
698 2483 1051 2550 presbyteros
1104 2484 1268 2534 etiam
1322 2485 1598 2551 pertinere
1649 2484 1930 2534 ministros
1983 2484 2071 2549 (ex
2125 2482 2293 2534 defin.

249 2584 400 2619 conc.
430 2567 597 2629 Trid„
630 2585 764 2617 sess.
798 2568 884 2628 23,
917 2585 1036 2634 cap.
1068 2568 1101 2617 4
1131 2573 1186 2617 et
1215 2585 1333 2618 can.
1365 2568 1442 2634 6),
1473 2568 1662 2636 utique
1691 2569 1885 2619 saltem
1915 2567 2188 2618 diaconos.

324 2650 425 2701 His
455 2651 772 2717 praemissis,
814 2651 1001 2718 paucis
1043 2650 1397 2701 ostendamus
1437 2657 1655 2718 oportet
1683 2653 1739 2702 in
1773 2653 1894 2703 Act.
1931 2652 2034 2719 Ap.
2066 2650 2167 2713 VI,
2201 2652 2294 2701 l·6

250 2732 317 2783 de
372 2733 637 2783 ministris
691 2733 879 2795 sacris,
934 2732 1237 2783 secundum
1285 2732 1495 2784 Christi
1543 2733 1953 2784 institutionem
2008 2733 2302 2796 ordinatis,

251 2832 555 2866 sermonem
587 2816 792 2866 haberi.
824 2815 996 2879 Quem
1026 2815 1080 2864 in
1107 2815 1271 2865 finem
1302 2816 1586 2884 sequentia
1609 2817 1932 2867 adducimus
1954 2821 2300 2884 argumenta.

327 2899 376 2946 1⁰
421 2899 674 2966 Apostoli
713 2898 847 2966 ipsis
891 2916 1080 2948 manus
1127 2899 1420 2965 imponunt
1462 2916 1587 2949 cum
1632 2899 1992 2962 orationibus,
2037 2897 2300 2967 quemad-

255 2981 472 3032 modum
517 2983 580 3033 fit
626 3000 750 3033 cum
797 2982 1042 3050 episcopi
1095 2989 1150 3032 et
1204 2982 1515 3051 presbyteri
1571 2987 1984 3034 consecrantur.
2033 2984 2088 3032 2⁰
2140 2981 2300 3040 Inter

251 3065 505 3128 virtutes,
551 3082 673 3133 quae
719 3064 775 3114 in
823 3063 1147 3115 ordinandis
1198 3065 1572 3134 requiruntur,
1618 3070 1978 3116 numerantur
2014 3063 2301 3133 plenitudo

254 3146 494 3214 Spiritus
532 3147 724 3210 sancti,
765 3147 1040 3216 sapientia
1081 3153 1185 3199 etc.
1220 3169 1229 3199 :
1262 3166 1385 3217 quae
1425 3167 1554 3200 sane
1594 3148 1663 3200 ad
1703 3148 2016 3199 functiones
2043 3147 2302 3215 profanas

251 3229 386 3279 adeo
430 3231 751 3281 necessariae
794 3248 902 3281 non
948 3236 1152 3282 essent.
1199 3231 1253 3281 3⁰
1302 3231 1434 3282 Post
1479 3231 1883 3283 ordinationem
1930 3229 2172 3281 ministri
2218 3228 2300 3279 illi

251 3327 403 3360 sacra
441 3311 614 3361 officia
642 3330 769 3362 mox
798 3318 1058 3363 exercent
1090 3333 1100 3363 :
1136 3312 1451 3380 Stephanus
1491 3313 1635 3364 enim
1680 3312 1966 3381 praedicat,
2010 3311 2300 3379 Philippus

257 3393 396 3460 (cap.
427 3392 591 3460 Vm)
625 3394 872 3461 baptizat
900 3400 1006 3446 etc.
1036 3395 1091 3445 4⁰
1125 3394 1588 3465 Quotiescumque
1630 3414 1674 3447 s,
1719 3395 1921 3446 Paulus
1956 3394 2012 3444 in
2049 3393 2299 3462 epistolis

253 3475 366 3525 suis
411 3474 480 3524 de
525 3475 770 3526 diaconis
811 3476 1077 3545 loquitur,
1118 3495 1212 3528 eos
1252 3495 1375 3529 cum
1415 3478 1690 3546 episcopis
1731 3495 1948 3546 semper
1987 3475 2298 3545 conjungit,

253 3557 320 3607 ab
398 3557 586 3626 eisque
663 3576 918 3626 magnam
998 3560 1242 3627 postulat
1321 3561 1692 3614 sanctitatem.
1749 3565 1806 3612 et
1883 3559 2298 3629 perfectionem.
