2430 4030
275 334 343 384 98
842 350 1005 387 AoTUs
1043 350 1439 398 APosTOLORUM,
1482 353 1594 390 CAP.
1636 338 1770 390 VII.

274 500 397 534 cum
453 482 681 534 vidisset
730 482 1020 550 quemdam
1072 483 1326 552 injuriam
1381 485 1702 552 patientem,
1752 485 2055 538 vindicavit
2107 487 2257 538 illum
2309 509 2319 540 :

272 571 328 616 et
367 565 499 617 fecit
539 567 801 617 ultionem
845 569 912 630 ei,
957 567 1048 634 qui
1088 567 1344 634 injuriam
1375 568 1700 631 sustinebat,
1732 587 1992 638 percusso
2032 569 2322 640 AEgyptio.
2399 586 2430 621 -.⁴.

191 652 304 700 25*
359 649 732 700 Existimabat
785 655 970 700 autem
1024 650 1337 718 intelligere
1403 650 1617 716 fratres,
1685 653 1943 721 quoniam
2016 653 2160 705 Deus
2225 673 2325 724 per

271 751 488 783 manum
542 732 715 801 ipsius
769 732 926 783 daret
979 733 1208 783 salutem
1266 734 1372 784 illis
1430 755 1440 786 :
1499 742 1555 785 at
1610 735 1687 786 illi
1745 755 1851 787 non
1907 737 2322 791 intellexerunt.

190 826 244 865 26
270 819 302 855 ²¹<
346 815 611 884 Sequenti
650 834 780 868 vero
819 816 908 867 die
948 816 1200 884 apparuit
1237 816 1344 867 illis
1382 816 1733 885 litigantibus
1779 840 1793 870 .·
1838 825 1894 870 et
1935 821 2324 873 reconciliabat

2413 602 2430 682 (ε,

2412 686 2430 738 fi

268 916 361 950 eos
390 899 442 948 iu
474 916 624 967 pace,
655 899 844 950 dicens
873 920 882 951 :
911 898 1046 962 Viri,
1076 899 1272 950 fratres
1302 900 1452 963 estiS,
1484 907 1543 951 ut
1572 902 1704 970 quid
1732 903 1942 954 nocetis
1965 903 2323 956 alterutrum?
2349 948 2355 952 .
2421 888 2430 938 '7-

190 986 302 1033 27*
349 981 454 1046 Qui
499 988 682 1034 autem
729 982 982 1051 injuriam
1029 983 1268 1034 faciebat
1310 985 1580 1051 proximo,
1629 987 1833 1055 repulit
1878 1005 2021 1048 eum,
2069 988 2257 1039 dicens
2310 1009 2320 1040 :

190 1080 244 1119 28
270 1063 401 1129 Quis
432 1071 483 1116 te
512 1066 805 1117 constituit
832 1066 1157 1134 principem,
1200 1072 1254 1116 et
1288 1065 1530 1134 judicem
1577 1086 1739 1137 super
1781 1069 1924 1120 nos?
1967 1074 1998 1110 ³¹<
2041 1069 2324 1139 Numquid
2408 1084 2414 1088 ‘

267 1149 575 1200 interficere
607 1168 689 1199 me
721 1156 780 1199 tu
809 1150 909 1211 vie,
942 1148 1401 1218 quemadmodum
1446 1150 1771 1203 interfecisti
1800 1151 1916 1203 heri
1942 1152 2320 1222 AEgyptium?

190 1245 243 1285 29
269 1235 300 1271 ²¹<
346 1232 517 1300 Fugit
564 1238 746 1283 autem
798 1232 1017 1300 Moyses
1059 1233 1114 1282 in
1161 1232 1330 1284 verbo
1371 1232 1479 1283 isto
1523 1255 1532 1285 ε
1578 1240 1632 1285 et
1673 1235 1849 1285 factus
1890 1242 1974 1286 est
2013 1236 2226 1288 advena
2263 1236 2320 1286 in

266 1320 413 1366 terra
462 1315 704 1379 Madian,
755 1315 850 1366 ubi
893 1315 1181 1383 generavit
1223 1315 1364 1366 filios
1415 1315 1571 1369 duos,

187 1411 245 1449 30
341 1404 373 1440 >¹<
405 1400 475 1451 Et
504 1401 739 1469 expletis
768 1401 928 1452 annis
959 1400 1346 1469 quadraginta,
1378 1402 1635 1470 apparuit
1663 1402 1742 1453 illi
1771 1403 1825 1453 in
1858 1403 2075 1454 deserto
2118 1402 2320 1454 montis

189 1498 242 1538 31
269 1482 402 1535 Sina
430 1484 659 1551 angelus
690 1484 743 1534 in
772 1484 903 1551 igne
929 1482 1162 1535 fiammae
1190 1483 1331 1535 rubi.
1363 1487 1394 1524 >¹<
1428 1483 1652 1553 Moyses
1683 1491 1863 1537 autem
1895 1486 2106 1550 videns,
2148 1485 2319 1537 admi-

266 1571 416 1617 ratus
456 1573 539 1617 est
579 1567 752 1617 visum
791 1587 800 1618 :
847 1572 902 1618 et
941 1565 1237 1618 accedente
1278 1567 1372 1617 illo
1417 1572 1476 1618 ut
1520 1568 1916 1633 consideraret,
1945 1569 2089 1621 facta
2129 1575 2214 1620 est
2252 1567 2322 1619 ad

261 1911 366 1941 esse
392 1897 649 1954 cognitam,
675 1902 971 1956 quapropter
995 1912 1092 1942 non
1118 1897 1234 1942 dicit
1260 1898 1488 1955 injuriam
1521 1898 1579 1942 ab
1610 1897 1846 1954 AEgyptio
1869 1897 2107 1942 Israelitae
2133 1896 2319 1941 illatam

261 1965 425 2010 fuisse.
458 1967 691 2010 Pnnousso
712 1958 962 2018 AEGYrtrIo,
986 1967 1014 2010 i.
1038 1982 1077 2010 e.
1104 1967 1362 2022 inteifectm
1391 1968 1458 2011 sic
1491 1966 1670 2010 Matth.
1698 1965 1886 2018 XXVI,
1914 1966 1964 2010 31
1993 1966 2319 2010 Percutiam

263 2036 588 2092 (interficiam)
609 2040 844 2092 pastorem
867 2040 908 2080 et
928 2036 1252 2092 disperqemur
1276 2050 1389 2079 oves.

319 2105 389 2148 25.
417 2104 646 2160 QUONIAM
674 2105 803 2149 Dnus
824 2118 914 2148 PER
933 2117 1110 2148 MANUM
1131 2117 1278 2148 1PS1Us
1301 2116 1456 2147 DARET
1479 2117 1700 2148 SALUTEM
1722 2117 1853 2148 ILLIS.
1876 2103 2087 2149 Videtur
2108 2103 2318 2161 Moyses,

259 2175 498 2221 divinitus
524 2176 818 2228 admonituS,
842 2177 1027 2220 facinus
1051 2176 1170 2219 illud
1204 2175 1423 2232 legitime
1459 2180 1790 2231 perpetrasse;
1819 2175 2042 2232 quamvis
2068 2174 2218 2219 Exod.
2247 2173 2317 2236 11,

260 2247 315 2292 12
335 2248 525 2303 legatur
543 2247 638 2291 huc
655 2254 801 2305 atque
823 2248 936 2291 illuc
960 2246 1364 2303 circumspexisse
1386 2260 1447 2290 an
1469 2260 1610 2290 nemo
1634 2246 1774 2290 testis
1797 2252 1946 2291 esset:
1971 2246 2039 2290 ita
2063 2245 2192 2289 enim
2217 2245 2318 2302 egit

260 2332 316 2362 ex
339 2317 613 2374 prudentia,
635 2331 731 2361 non
757 2332 812 2360 ex
838 2316 1132 2361 conscientia
1157 2315 1270 2360 mali
1295 2316 1474 2374 operis.
1506 2315 1748 2368 SALUTEM,
1778 2316 2098 2360 liberationem
2125 2330 2155 2359 a
2177 2315 2316 2359 servi-

260 2390 370 2432 tute.

317 2456 391 2500 29,
425 2455 581 2500 Fuorr
613 2468 662 2499 IN
694 2468 851 2500 vaano
883 2469 994 2508 1s'ro,
1026 2459 1211 2514 propter
1242 2455 1332 2500 hoc
1365 2454 1570 2500 verbum
1599 2474 1608 2500 ε
1636 2455 1704 2508 in,
1727 2455 1905 2500 dicitur
1930 2454 1990 2500 de
2000 2454 2317 2511 fundamento
2402 2498 2409 2504 ὁ

259 2541 347 2584 quo
383 2526 488 2584 quis
529 2526 715 2577 nititur,
758 2526 870 2570 inde
909 2526 968 2570 de
1007 2541 1150 2570 causa
1189 2525 1240 2569 ob
1279 2539 1425 2582 qaam
1464 2525 1579 2583 qaid
1612 2525 1686 2581 fit.
1726 2524 1853 2569 Sunt
1886 2525 1968 2582 qui
2004 2523 2190 2569 verbam
2233 2537 2318 2576 per

259 2597 589 2640 hebraismum
625 2603 822 2640 sumant
856 2611 943 2652 pro
975 2611 1047 2640 ‘res
1071 2615 1084 2639 .-
1112 2596 1254 2652 fugit,
1280 2596 1393 2652 quia
1426 2610 1501 2639 res
1535 2595 1617 2638 illa
1639 2601 1754 2638 nota
1776 2595 1901 2639 facta
1927 2595 2084 2638 fuerat
2111 2594 2217 2648 (Ex.
2246 2594 2315 2647 11,

260 2667 351 2722 14).
378 2666 474 2711 Sed
498 2666 620 2710 nihil
646 2665 848 2722 impedit
871 2667 1129 2723 quominus
1157 2679 1301 2709 sensu
1332 2665 1524 2721 proprio
1558 2665 1887 2721 intelligamus
1921 2664 2109 2709 verbum
2133 2683 2145 2708 :
2171 2663 2314 2720 fugit,

258 2737 372 2794 quia
403 2736 493 2781 hoo
526 2736 747 2780 audierat
781 2750 837 2779 ex
870 2750 952 2780 ore
985 2736 1076 2781 viri
1111 2736 1267 2788 istius,
1302 2735 1431 2779 unde
1464 2735 1781 2780 cone-ludebat
1815 2735 2004 2779 facinus
2039 2749 2182 2778 suum
2214 2734 2314 2791 jam

263 2807 518 2863 vulgatum
548 2805 714 2849 fuisse.
2259 2799 2261 2801 ’

317 2876 387 2920 30.
420 2876 667 2919 APPARUIT
699 2887 792 2918 ΠΜ
825 2888 875 2919 IN
906 2887 1112 2919 Dnsmz'ro
1137 2886 1307 2918 Monns
1337 2872 1454 2917 Suo.
1479 2892 1487 2917 :
1517 2880 1566 2918 at
1590 2889 1720 2925 vero,
1747 2874 2012 2918 secundum
2038 2872 2188 2918 Exod.
2215 2872 2312 2926 111,

256 2947 298 2999 1,
323 2961 471 3003 prope
497 2952 712 2990 montem
739 2945 895 2990 Horeb
921 2947 1058 2990 visus
1085 2951 1172 2990 est.
1202 2969 1257 2976 —
1281 2943 1420 2988 Nihil
1445 2943 1608 2988 obstat
1632 2963 1640 2988 :
1667 2944 1791 2990 Sina
1815 2945 1944 2988 enim
1969 2949 2017 2988 et
2038 2943 2194 2988 Horeb
2216 2943 2312 2988 duo
2395 2977 2398 2979 Α

256 3023 372 3061 sunt
395 3015 539 3059 unius
564 3016 745 3059 montis
770 3015 1034 3067 cacumina;
1066 3019 1349 3064 nascuntur,
1377 3019 1432 3058 ut
1465 3013 1533 3057 ita
1556 3013 1725 3064 dicam,
1751 3013 1913 3058 radice
1935 3027 2044 3064 una,
2070 3018 2119 3056 et
2145 3019 2311 3070 postea
2395 3059 2398 3061 ,

249 3084 382 3142 jugis
409 3085 720 3129 dividuntur.

315 3154 531 3211 Anqelus,
564 3154 646 3211 qui
671 3153 932 3198 videndum
971 3169 1022 3198 se
1055 3152 1280 3210 praebuit,
1316 3166 1458 3196 versu
1492 3151 1718 3209 sequenti
1750 3159 1950 3197 vocatur
1982 3151 2232 3203 Dominus,
2264 3157 2312 3196 et
2395 3147 2398 3151 ’

255 3223 471 3280 loquitur
509 3225 570 3277 (v.
609 3224 682 3277 32)
719 3228 968 3280 tamquam
1002 3223 1067 3266 sit
1102 3221 1246 3266 Deus.
1287 3220 1476 3265 Pariter
1507 3221 1557 3264 in
1590 3220 1740 3266 Exod.
1777 3220 1876 3273 III,
1908 3222 2037 3273 2-11,
2072 3220 2153 3265 ubi
2186 3220 2314 3264 idem
2382 3237 2391 3278 ³.

253 3295 435 3339 factum
469 3303 712 3347 narratur,
745 3309 855 3339 mox
887 3295 1090 3352 Anqelus
1120 3292 1316 3344 Jehovae,
1353 3307 1463 3337 mox
1495 3292 1706 3338 Jehovah
1737 3293 2008 3350 appellatur
2035 3293 2103 3348 (in
2137 3292 2308 3346 hebr.).

254 3363 376 3408 Inde
408 3373 522 3408 nata
552 3370 628 3408 est
660 3366 880 3421 quaestio,
906 3365 1120 3409 multum
1153 3363 1403 3419 disputata
1426 3363 1556 3406 inter
1582 3376 1621 3406 s.
1650 3361 1917 3418 Scripturae
1947 3362 2241 3418 interpretes
2265 3367 2315 3407 et
2380 3376 2382 3380 ’

254 3433 519 3491 theologos,
543 3434 601 3478 de
629 3433 961 3491 Theophaniis,
988 3447 1073 3478 seu
1105 3432 1163 3477 de
1194 3431 1576 3490 apparitionibus
1609 3431 1698 3475 Dei
1723 3432 1814 3476 sub
1843 3431 1898 3478 V.
1924 3431 1976 3476 T.
2006 3432 2142 3476 Hanc
2166 3444 2307 3488 pecu·
2370 3430 2382 3442 ⁹

252 3502 358 3547 liari
391 3503 735 3548 dissertatione
767 3503 829 3548 ad
861 3503 1008 3547 finem
1041 3501 1187 3560 hujus
1221 3501 1349 3555 libri,
1386 3500 1514 3544 Diss.
1548 3502 1616 3552 2³,
1646 3502 1868 3546 nonnihil
1901 3514 2140 3558 exponere
2172 3514 2310 3546 cona·
2372 3535 2374 3539 ,

252 3571 428 3617 bimur.

313 3644 381 3688 31.
417 3644 602 3690 anus
628 3644 800 3688 rubum
826 3644 1008 3696 ardere,
1037 3658 1122 3688 nec
1146 3650 1306 3688 tamen
1332 3642 1575 3687 comburi.
