2430 4030
22 586 31 612 .·
19 550 23 556 -
13 300 50 525 :rw-‘fustist‘
30 265 34 270 .
19 207 48 219 ⁴·

87 491 91 495 .
67 140 108 249 ⁵³24!

655 371 721 406 nn
762 371 977 418 LJNGUA,
1021 374 1296 410 sommium
1337 376 1544 424 innomi,
1585 377 1694 413 Ero.
2115 366 2181 416 23

151 500 274 551 viva
306 519 416 552 voce
442 502 828 570 praedicarent,
867 522 976 555 non
1006 510 1067 555 ut
1093 506 1397 558 universam
1427 508 1688 560 doctrinae
1716 526 1879 560 sacrae
1907 510 2182 560 materiam

151 584 358 652 scripto
387 586 797 653 consignarent.
827 586 962 639 Haec
981 587 1038 638 in
1060 588 1238 640 Tract.
1264 580 1574 658 dogmatico
1601 591 1666 643 de
1701 591 1939 643 Ecclesia
1964 593 2183 644 uberius

153 667 518 735 explicantur.

229 749 375 802 Hinc
420 751 476 801 2⁰
521 751 919 815 concludimuS,
964 753 1080 803 veri
1120 753 1414 805 admodum
1455 755 1632 807 simile
1672 773 1789 807 esse
1829 756 2183 824 Theophilum

149 831 208 883 in
258 832 438 896 Italia,
484 839 540 885 et
583 834 774 886 Romae
819 835 1059 902 quidem,
1107 834 1405 888 habitasse.

265 991 293 1059 ᾧ
338 989 422 1042 14.
467 990 542 1042 De
585 990 791 1060 linqua,
834 992 1098 1043 scribendi
1136 993 1330 1056 indole,
1371 993 1731 1062 literariisque
1770 995 2063 1062 eleqantiis.

224 1123 413 1176 Graece
441 1126 663 1195 scripsit
693 1127 889 1192 LucaS,
930 1128 1125 1180 doctus
1154 1129 1469 1198 ceteroquin
1501 1129 1817 1180 Hellenista.
1849 1129 1935 1179 lta
1963 1138 2187 1182 censent

150 1225 339 1259 omnes
367 1209 544 1260 critici
571 1209 801 1278 alicujus
843 1212 1096 1274 nominiS,
1135 1218 1336 1281 praeter
1377 1212 1732 1276 Harduinem,
1774 1213 1864 1281 qui
1908 1212 1983 1278 (in
2023 1213 2184 1274 Proef.

149 1290 222 1343 ad
266 1292 561 1361 Paraphr.)
615 1294 974 1363 singulariter
1019 1302 1169 1347 tenet
1213 1296 1442 1347 latinum
1489 1314 1792 1346 sermonem
1833 1296 1997 1346 fuisse
2036 1296 2184 1346 adhi-

150 1374 343 1427 bitum.
395 1377 667 1428 Praeterea
715 1383 903 1430 textus
950 1397 1163 1448 graecus
1215 1380 1504 1447 scripturae
1556 1379 1899 1447 primigeniae
1951 1379 2183 1429 indolem

150 1459 439 1510 manifesto
467 1461 672 1528 prodit,
701 1463 1020 1531 nullumque
1049 1462 1317 1514 versionis
1346 1462 1638 1530 vestigium
1682 1479 1905 1530 usquam
1947 1461 2185 1512 exhibet.

223 1540 380 1606 Quod
407 1548 590 1593 autem
620 1542 688 1594 ad
715 1543 890 1612 ipsam
918 1544 1197 1596 scribendi
1226 1545 1490 1595 rationem
1531 1544 1745 1605 attinet,
1790 1544 2187 1611 praemittimus,

151 1632 432 1697 tamquam
486 1648 675 1681 verum
731 1636 786 1681 et
837 1632 1056 1682 aliunde
1116 1631 1566 1694 demonstratum,
1620 1632 1675 1681 in
1731 1630 1930 1681 divinis
1995 1629 2190 1679 Literis

149 1729 261 1763 non
298 1712 418 1780 ipsa
457 1713 613 1763 verba
653 1733 683 1764 a
727 1714 935 1782 Spiritu
977 1721 1164 1766 sancto
1205 1733 1324 1766 esse
1365 1715 1644 1782 inspirata,
1694 1730 1868 1782 neque
1916 1711 2190 1762 scribendi

151 1792 582 1846 modum'eidem
612 1797 966 1848 tribuendum
995 1814 1130 1861 esse,
1163 1798 1259 1848 sed
1286 1801 1562 1848 auctorem
1605 1813 1815 1846 sacrum
1844 1813 1940 1845 suo
1969 1794 2188 1844 ductum

151 1876 320 1928 fuisse
367 1879 628 1947 ingenio;
678 1881 812 1932 adeo
858 1881 1077 1949 quidem
1122 1887 1181 1931 ut
1221 1880 1324 1931 sub
1365 1880 1722 1948 inspiratione
1764 1879 1946 1928 divina
1990 1878 2188 1944 stylum

152 1961 258 2012 sibi
286 1963 566 2030 proprium
597 1969 760 2032 atque
793 1981 942 2014 suam
972 1963 1231 2031 loquendi
1258 1963 1520 2013 rationem
1547 1961 1846 2012 naturalem
1875 1959 2186 2010 servaverit.

225 2045 348 2096 Jam
380 2064 526 2110 vero,
557 2047 775 2099 dicendi
803 2066 978 2115 genus
1007 2067 1036 2097 a
1066 2048 1210 2098 Luca
1239 2048 1498 2096 usitatum
1538 2045 1748 2112 plenius
1789 2043 2188 2111 perfectiusque

154 2146 312 2198 quam
368 2137 673 2182 ceterorum
728 2133 852 2183 novi
911 2132 1246 2182 Testamenti
1313 2130 1636 2196 scriptorum
1701 2126 1922 2194 ingenio
1988 2126 2189 2192 linguae

154 2226 349 2281 graecae
390 2222 474 2265 est
514 2215 1004 2266 accommodatum.
1048 2208 1183 2274 Irim,
1225 2213 1480 2263 observat
1509 2216 1541 2251 ³⁴<
1573 2209 1936 2271 Schottt'us,
1977 2208 2189 2275 Isuqoqe

152 2298 214 2348 in
255 2297 323 2349 N.
369 2298 448 2361 T„
490 2300 792 2349 orationem
838 2299 998 2349 Lucae
1038 2315 1271 2365 graecam
1302 2296 1355 2344 in
1390 2294 1620 2345 Actibus
1660 2292 2036 2360 expolitiorem
2073 2307 2189 2339 esse

153 2397 314 2449 quam
345 2381 398 2431 in
428 2381 752 2450 Evangelio,
794 2389 849 2432 et
888 2382 941 2431 in
985 2391 1139 2448 parte
1183 2382 1418 2428 Actuum
1459 2377 1758 2444 posteriore
1799 2372 2189 2441 elegantiorem
2222 2410 2225 2413 .

153 2481 314 2532 quam
355 2464 411 2514 in
451 2465 632 2533 priore
676 2485 686 2516 :
729 2466 815 2515 cui
858 2464 1076 2533 quidem
1107 2461 1183 2512 rei
1211 2461 1447 2511 auctoris
1477 2459 1795 2508 exercitatio
1818 2458 1871 2506 in
1901 2453 2188 2505 scribendo

42 2545 46 2547 ⁵
95 2595 98 2597 Α
153 2547 403 2597 nonnihil
454 2548 702 2598 conferre
756 2548 954 2616 potuit.
1014 2543 1328 2595 Hebraismi
1382 2547 1561 2591 tamen
1619 2558 1711 2590 seu
1767 2535 2071 2587 aramaismi
2135 2534 2188 2583 in

156 2632 394 2681 Actuum
425 2631 583 2694 libro,
615 2633 849 2682 maxime
877 2632 930 2680 in
957 2638 1110 2698 parte
1138 2627 1337 2695 priore,
1367 2631 1450 2674 sat
1477 2624 1791 2690 frequenter
1818 2619 2186 2686 reperiuntur3

156 2725 212 2768 et
257 2717 350 2768 isti
395 2717 664 2769 idiotismi
710 2735 818 2768 non
867 2722 1079 2768 tantum
1131 2714 1185 2763 in
1231 2709 1572 2762 sermonibus
1622 2707 1768 2759 Petri
1809 2712 1862 2756 et
1908 2702 2186 2771 Stephani,

155 2802 254 2854 sed
298 2802 463 2853 etiam
506 2803 561 2853 in
605 2803 725 2871 ipsa
769 2820 948 2852 rerum
996 2804 1274 2868 gestarum
1320 2795 1629 2844 narratione
1672 2791 1817 2842 obvii
1860 2794 2002 2838 sunt.
2048 2783 2188 2835 Illud

155 2893 338 2940 autem
377 2888 504 2939 inde
545 2894 724 2940 ortum
766 2906 884 2939 esse
926 2886 1161 2947 videtur,
1193 2881 1337 2951 quod
1368 2881 1540 2930 Lucas
1570 2878 1814 2947 quaedam
1846 2874 2184 2960 documenta,

157 2988 406 3022 sermone
435 2971 873 3040 syro-chaldaico
897 2970 1225 3036 conscripta,
1256 2964 1454 3032 saepius
1476 2969 1654 3012 tamen
1681 2961 1733 3010 in
1766 2955 2034 3026 prioribus
2064 2952 2188 3043 libri

157 3053 432 3122 capitibus
459 3071 621 3124 quam
650 3055 706 3105 in
736 3054 951 3116 ceteris,
991 3048 1321 3101 adhibuerit.
1364 3044 1504 3097 Vide
1534 3061 1694 3110 supra
1722 3043 1748 3109 ᾧ
1784 3040 1847 3089 10
1875 3033 2189 3124 defontzbus

159 3143 266 3188 etc.
306 3136 697 3202 Nihilominus,
739 3137 884 3207 quod
925 3135 1097 3206 probe
1138 3127 1679 3183 animadvertendum
1709 3129 1808 3186 est,
1838 3122 1952 3214 loca
1990 3124 2189 3168 veteris

158 3219 498 3273 Testamenti
561 3240 767 3290 semper
833 3218 1134 3272 secundum
1200 3214 1504 3266 versionem
1570 3207 1993 3259 Alexandrinam
2063 3200 2188 3266 (non

24 3296 44 3332 'q-
106 3356 110 3358 ,
160 3303 460 3355 seeundum
509 3309 723 3356 textum
772 3300 1099 3368 hebraeum),
1154 3297 1313 3348 modo
1367 3294 1611 3346 strictius
1657 3296 1711 3340 et
1759 3286 1983 3339 totidem
2039 3280 2190 3350 quasi

161 3385 364 3451 verbis,
428 3387 591 3440 modo
645 3388 873 3439 liberius
926 3392 981 3436 et
1033 3383 1102 3433 ad
1155 3397 1371 3432 sensum
1437 3381 1666 3436 tantum,
1731 3367 1976 3421 adduxit.
2043 3364 2189 3415 Usus

98 3462 103 3469 ⁴
163 3470 368 3538 quippe
407 3470 860 3524 documentorum
900 3470 1078 3538 ipsum
1118 3481 1228 3515 non
1266 3458 1554 3528 impedivit
1597 3454 1883 3525 quominus
1927 3455 2187 3500 rationem

0 3537 2 3539 >
125 3551 387 3605 'dicendi
438 3560 495 3606 et
547 3554 757 3608 citandi
809 3552 916 3604 sibi
967 3547 1240 3619 propriam
1291 3561 1391 3612 pro
1443 3540 1605 3592 libitu
1658 3554 1755 3588 suo
1807 3535 2121 3601 sequeretur
2174 3545 2186 3576 :

0 3638 126 3698 .}² ‘}'.
166 3634 339 3705 igitur
367 3638 610 3703 notulis,
635 3655 787 3707 -quas
832 3634 1024 3686 habuit
1069 3648 1182 3699 prae
1228 3625 1496 3686 manibuS,
1540 3621 1670 3673 satis
1714 3618 1879 3670 lib'ere
1921 3628 2046 3664 usus
2087 3612 2184 3660 est.
