2430 4030
223 250 226 252 -
302 210 401 262 102
862 224 1024 260 Ac‘rus
1063 223 1454 270 APOSTOLORUM‚
1495 222 1610 260 oAP.
1651 206 1786 259 VII.

219 365 272 404 44
367 363 399 398 ³¹<
427 358 856 410 Tabernaculum
887 359 1187 410 testimonii
1215 358 1321 409 fuit
1348 376 1471 410 cum
1500 359 1748 427 patribus
1778 357 1984 409 nostris
2011 358 2069 408 in
2099 352 2338 421 deserto,
2363 378 2365 380 ¹

292 445 433 495 sicut
479 443 751 513 disposuit
794 445 902 495 illis
956 445 1122 508 DeuS,
1167 445 1398 514 loquens
1448 445 1516 496 ad
1563 445 1813 514 Moysen,
1856 450 1916 496 ut
1955 443 2161 517 faceret
2203 442 2342 496 illud

215 537 267 575 45
291 527 591 579 secundum
630 528 877 591 formam,
921 546 1082 597 quam
1124 528 1355 580 viderat.
1399 533 1431 569 >¹<
1474 527 1632 593 Quod
1673 534 1728 580 et
1766 528 2126 591 induxerunt,
2169 526 2340 578 susci-

290 612 505 679 pient-es
547 617 732 679 patres
777 611 952 662 nostri
999 630 1120 663 cum
1162 611 1299 662 Jesu
1338 612 1394 662 in
1436 611 1838 680 possessionem
1882 610 2163 673 Gentium,
2205 626 2340 679 quas
2407 648 2411 650 -

289 693 501 762 expulit
542 693 689 745 Deus
728 712 758 744 a
796 693 933 745 facie
974 699 1191 762 patrum
1233 699 1566 757 nostrorum,
1598 711 1767 764 usque
1806 695 1863 744 in
1905 693 2100 745 diebus
2142 689 2339 754 David,

211 783 265 823 46
291 779 323 816 ²¹<
351 775 444 844 qui
473 775 683 827 invenit
709 777 945 844 gratiam
975 782 1102 827 ante
1133 775 1327 839 Deum,
1353 780 1407 826 et
1434 776 1596 844 petiit
1624 781 1683 828 ut
1710 777 1988 828 inveniret
2016 775 2338 828 tabernacu-

288 1126 501 1184 plerique
525 1126 711 1171 codices
735 1127 928 1171 habent.
958 1127 1014 1170 In
1040 1126 1230 1171 hebraeo
1263 1141 1440 1171 nomen
1474 1140 1571 1169 non
1605 1125 1808 1181 legitur;
1835 1124 1942 1168 ideo
1975 1127 2196 1167 auctores
2222 1136 2338 1166 non·

285 1195 405 1239 nulli
430 1195 729 1240 contendunt
748 1196 1070 1253 Septuaginta
1096 1196 1396 1252 Interpretes
1423 1209 1597 1239 nomen
1617 1193 1737 1238 illud
1756 1208 1813 1237 ex
1831 1193 2092 1237 traditione
2110 1191 2338 1236 didicisse
2397 1198 2400 1199 ’

284 1271 332 1309 et
355 1279 441 1309 suo
464 1271 618 1309 marte
645 1265 912 1317 addidisse;
937 1265 1022 1308 sed
1048 1264 1362 1309 verisimilius
1388 1272 1462 1308 est
1492 1278 1658 1317 vocem
1684 1263 1924 1308 hebraeam
1959 1261 2142 1319 Kijoun
2175 1261 2337 1318 (quam

284 1349 412 1378 nuno
435 1336 661 1390 legimus)
688 1350 794 1379 esse
820 1350 993 1380 nomen
1023 1336 1274 1391 proprium
1309 1334 1512 1391 alicujus
1546 1335 1653 1378 falsi
1688 1333 1902 1377 numinis
1931 1333 2070 1388 (puta
2104 1331 2366 1384 Saturni),*

285 1405 412 1462 quod
435 1406 484 1447 in
509 1405 740 1462 AEgypto,
765 1406 845 1449 ubi
874 1405 1197 1462 Septuaginta
1222 1405 1528 1461 Interpretes
1555 1404 1846 1455 scribebant,
1864 1403 2020 1459 magis
2044 1408 2210 1446 notum
2235 1406 2338 1444 erat

285 1472 376 1516 sub
416 1475 609 1517 nomine
645 1474 829 1528 coptico
866 1474 1076 1531 Rephan.
1117 1474 1283 1517 Minus
1321 1475 1504 1518 arridet
1544 1474 1679 1518 nobis
1724 1472 2001 1528 conjectura
2047 1486 2212 1515 eorum
2253 1469 2336 1527 qui

284 1547 460 1599 putant
483 1544 536 1587 70
561 1543 862 1599 Interpretes
883 1544 929 1587 in
950 1559 1037 1588 suo
1062 1544 1221 1588 codice
1245 1545 1419 1600 legisse
1440 1545 1633 1596 Kewan,
1651 1544 1808 1601 Kefan
1825 1558 1912 1600 pro
1929 1543 2099 1599 Besaro,
2122 1540 2332 1598 Rephan.

287 1613 488 1670 Quoquo
528 1614 722 1657 tandem
766 1615 907 1659 modo
945 1629 1020 1659 res
1057 1629 1107 1658 se
1140 1615 1331 1667 habeat,
1365 1616 1561 1659 omnino
1597 1615 1788 1660 videtur
1824 1612 2196 1669 intelligendum
2230 1625 2335 1655 esse

289 1682 553 1726 Saturnum
582 1682 705 1736 (ideo
731 1684 895 1739 siclus).
2355 1742 2358 1745 ,

343 1752 501 1796 '.I'RANS
536 1753 842 1798 BABYLONEM.
871 1755 1021 1799 Amos
1054 1755 1121 1799 ait
1154 1758 1285 1799 trans
1323 1756 1606 1800 Damascum
1635 1756 1722 1809 (ita
1755 1755 1899 1798 etiam
1924 1752 2053 1809 apud
2081 1753 2187 1802 70),:
2214 1755 2331 1795 atta·

286 1837 395 1866 men
419 1823 511 1866 dici
538 1838 634 1867 non
660 1830 820 1881 potest
848 1824 1149 1881 Stephanum
1174 1827 1405 1869 memoria
1428 1827 1617 1882 lapsum
1653 1840 1774 1876 esse,
1801 1839 1913 1868 nam
1948 1838 2144 1868 Sensum
2178 1821 2335 1878 magis

287 1906 430 1948 quam
462 1893 607 1937 verba
640 1894 865 1938 attendit.
895 1894 992 1938 Res
1027 1896 1153 1938 enim
1190 1896 1356 1940 eodem
1390 1895 1561 1940 recidit
1586 1910 1704 1952 :per
1739 1894 1946 1952 Syriam,
1968 1893 2172 1949 ideoque
2202 1895 2335 1936 trans

286 1962 587 2014 Damascum,
611 1964 848 2020 deportati
872 1965 1069 2009 fuerunt
1091 1965 1143 2009 in
1169 1965 1501 2023 Babyloniam.

347 2035 418 2077 44.
441 2034 666 2079 Tentorio
690 2035 759 2078 illi
783 2035 1008 2088 Molochi,
1032 2037 1140 2080 falsi
1162 2037 1393 2089 numinis,
1419 2037 1506 2079 Dei
1531 2036 1633 2080 veri
1658 2036 2023 2080 tabernaculum
2048 2033 2264 2091 opponit,
2286 2037 2336 2076 et
2407 2092 2410 2094 -

288 2103 489 2147 alteram
523 2105 875 2149 accusationem
911 2111 1080 2150 contra
1119 2121 1170 2150 se
1202 2106 1364 2158 latam,
1398 2106 1622 2150 videlicet
1653 2105 1889 2150 adversus
1924 2105 2082 2149 locum
2114 2107 2335 2148 sanctum

288 2185 373 2214 seu
406 2174 642 2228 templum
677 2189 726 2217 Se
760 2175 976 2218 locutum
1013 2175 1164 2219 fuisse
1198 2176 1318 2232 (cap.
1354 2175 1444 2226 VI,
1479 2176 1549 2227 13,
1585 2175 1675 2230 14),
1708 2175 1890 2232 absque
1921 2175 2015 2217 alia
2047 2173 2335 2217 transitione

288 2241 584 2297 aggreditur.
628 2243 814 2301 Itaque,
857 2245 1077 2288 dicturus
1117 2245 1176 2289 de
1214 2260 1300 2289 sua
1339 2245 1652 2289 veneratione
1697 2259 1814 2300 erga
1857 2244 2092 2300 templum,
2135 2258 2238 2287 rem
2275 2241 2335 2286 ab
2410 2303 2412 2305 Ι

286 2311 473 2366 origine
507 2314 695 2368 repetit,
725 2319 778 2356 ut
812 2329 957 2369 supra
990 2315 1102 2358 fecit
1134 2314 1260 2358 circa
1293 2314 1518 2372 Moysen3
1543 2314 1774 2358 nimirum
1808 2328 1835 2357 a
1867 2313 2184 2365 tabernaculo,
2209 2311 2336 2370 quod

287 2382 444 2438 templi
466 2384 707 2439 exemplar
731 2385 838 2436 fuit,
864 2386 959 2429 imo
985 2385 1122 2442 quasi
1149 2386 1369 2443 templum
1394 2386 1626 2443 povtatile.

344 2449 737 2497 TABERNACULUM
759 2455 1146 2498 TEST1MON11:ita
1170 2461 1382 2507 vocatur,
1407 2456 1520 2512 quia
1544 2455 1822 2500 testimonia
1845 2453 2054 2505 Domini,
2074 2454 2102 2496 i.
2121 2469 2159 2497 e.
2181 2454 2334 2510 legem

289 2513 377 2563 Dei
401 2535 484 2564 seu
507 2522 818 2579 Decalogum,
838 2525 886 2567 in
912 2526 1036 2568 Arca
1062 2525 1279 2569 Foederis
1301 2527 1426 2582 (quae
1450 2525 1593 2569 etiam
1619 2525 1870 2569 dicebatur
1894 2526 2019 2568 Axca
2045 2522 2335 2577 Testimonii)

287 2589 545 2643 inclusum,
577 2595 865 2638 continebat
892 2619 945 2625 —
980 2594 1191 2638 FORMAM
1225 2608 1356 2648 QUAM
1389 2608 1595 2638 VIDERAT
1631 2614 1640 2639 :
1674 2595 1758 2639 Ex
1795 2594 1955 2647 XXV,
1988 2595 2040 2638 9-
2047 2595 2115 2639 40.
2151 2594 2336 2637 Docent

289 2657 496 2703 Rabbini
528 2661 728 2706 formam
763 2664 891 2706 illam
927 2664 1199 2721 symbolum
1226 2665 1375 2709 fuisse
1401 2680 1484 2708 seu
1511 2666 1771 2722 imaginem
1805 2664 2002 2709 mundi:
2032 2681 2176 2716 κοσμος
2207 2663 2335 2707 enim
2413 2675 2430 2710 ,η’

289 2730 525 2786 templum
552 2738 625 2776 est
651 2748 734 2775 Seu
762 2733 934 2778 domus
960 2735 1068 2778 Dei.
2425 2733 2430 2744 ⁴

348 2800 419 2842 45.
456 2801 639 2846 PATRES
670 2816 848 2854 NOSTRI,
876 2820 977 2848 cum
1010 2804 1360 2848 tabernaculum
1393 2808 1604 2849 sanciam
1636 2805 1693 2849 ab
1721 2805 1822 2850 avis
1847 2805 1946 2850 suis
1972 2804 2261 2861 accepissent,
2284 2802 2336 2848 id
2387 2851 2394 2855 ,

290 2868 561 2922 intulerunt,
593 2872 702 2916 duee
737 2875 890 2926 Josue,
922 2888 972 2918 IN
1004 2888 1338 2919 POSSESSIONEM
1371 2888 1600 2926 smmum,
1633 2876 1685 2919 in
1723 2883 1900 2921 terram
1940 2889 2084 2933 quam
2126 2874 2334 2931 gentiles
2399 2863 2411 2907 -f-

291 2937 445 2982 adhuc
478 2942 805 2995 possidebant,
832 2944 881 2986 in
915 2950 1096 2988 terram
1131 2944 1371 2996 Chanaan,
1405 2959 1491 2988 seu
1523 2944 1719 2989 Terram
1761 2946 2064 2990 Promissam.
2090 2968 2146 2976 -
2168 2943 2362 2997 USQUE'
2408 2957 2412 2962 ·

290 3019 340 3049 IN
364 3020 531 3054 DIEBUS
558 3012 712 3056 DAvn)
745 3033 751 3057 :
778 3029 930 3072 usque
955 3015 1016 3058 acl
1043 3015 1241 3058 Davidis
1274 3021 1493 3070 tempora
1526 3016 1665 3061 stetit
1697 3016 1871 3060 mobile
1902 3015 2025 3060 illud
2058 3014 2332 3060 aedificium.

291 3074 419 3120 Nota
443 3083 659 3137 tempora
686 3083 883 3127 Davidis
911 3084 1108 3135 includi,
1132 3091 1186 3128 ut
1218 3084 1464 3141 colligitur
1497 3099 1552 3128 ex
1587 3086 1822 3141 particula
1855 3099 2013 3142 graeca
2036 3090 2121 3138 ἑως,
2150 3098 2258 3142 quae
2284 3083 2332 3127 in
2381 3088 2401 3144 3‘

292 3144 379 3188 hoo
403 3147 560 3194 differt
582 3152 640 3195 ab
665 3171 773 3207 αχρι,
799 3154 925 3210 quod
959 3155 1060 3198 haec
1093 3155 1264 3199 ultima
1296 3155 1457 3210 ipsum
1493 3156 1758 3199 terminum
1792 3170 1889 3200 non
1921 3152 2332 3212 comprehendat:
2365 3144 2413 3165 ⁹

293 3214 350 3257 of.
372 3214 510 3260 Rom.
538 3219 597 3271 V,
626 3223 697 3264 13.
2344 3272 2346 3275 ,

352 3284 420 3327 46.
456 3285 650 3332 ΙΝνΕΝΙΤ
687 3303 894 3334 GRATIAM
935 3305 1054 3335 ANTE
1103 3291 1251 3336 Dmm
1289 3292 1644 3347 (hebraismus),
1682 3307 1823 3338 carus
1851 3293 1953 3350 fuit
1999 3294 2111 3338 Deo
2153 3291 2333 3342 Pmn‘r,
2367 3279 2405 3349 J·

293 3354 491 3406 optavit,
514 3368 572 3399 UT
594 3370 849 3403 INVENIRET
872 3374 1270 3411 TABERNAGULUM,
1293 3366 1348 3406 ut
1371 3362 1607 3418 templum
1631 3362 1731 3407 Deo
1756 3362 1993 3407 aedificare
2026 3367 2212 3419 posset;
2236 3361 2332 3404 imo
2370 3357 2396 3379 ⁴*

292 3422 424 3465 vovit
456 3426 635 3482 requiei
667 3442 763 3472 non
795 3429 1048 3486 indulgere
1080 3431 1231 3477 donec
1263 3431 1313 3475 id
1347 3431 1628 3488 perfecisset
1662 3431 2079 3486 (Ps.GXXX1‚2
2103 3415 2402 3490 sq.;v1dess⁷i.

294 3486 478 3535 Gomm.
505 3499 657 3538 nostr.
680 3495 730 3538 in
757 3496 868 3550 Ps..)
2316 3494 2396 3527 '4'
