2430 4030
285 216 391 267 268
770 227 935 264 Ac'rns
972 226 1367 275 Aros'rotonnM,
1408 227 1522 265 cAP.
1564 211 1838 266 XXVIII.

283 361 457 431 igitur
484 377 724 423 causam,
753 360 949 428 rogavi
977 378 1074 412 vos
1102 360 1309 423 videre,
1346 366 1400 412 et
1429 362 1654 432 alloqui.
1702 363 1937 432 Propter
1977 382 2130 433 spem
2181 365 2325 416 enim

208 450 261 488 21
287 444 457 496 Israel
496 448 688 494 catena
726 443 827 493 hac
867 442 1238 494 circumdatus
1281 461 1419 495 sum.
1464 449 1496 485 >¹<
1543 447 1616 496 At
1658 446 1738 496 illi
1767 446 2031 498 dixerunt
2071 447 2139 499 ad
2168 466 2325 500 eum:
2416 428 2430 495 i

286 528 401 579 Nos
447 543 625 596 neque
662 525 878 576 litteras
912 526 1228 594 accepimus
1265 527 1333 579 de
1372 533 1426 578 te
1472 547 1503 578 a
1544 528 1760 592 Judaea,
1800 548 1979 599 neque
2023 530 2326 583 adveniens
2414 538 2430 586 Ἴ

285 610 481 679 aliquis
530 609 758 660 fratrum
805 609 1109 672 nunciavit,
1164 615 1259 662 aut
1305 611 1522 662 locutus
1571 616 1658 662 est
1705 612 1840 681 quid
1883 613 1951 665 de
2001 619 2055 664 te
2104 614 2326 666 malum.
2407 606 2411 609 ’

210 696 263 733 22
288 698 319 735 >¹<
359 693 639 766 Rogamus
681 697 864 742 autem
910 710 940 741 a
982 696 1037 743 te
1071 692 1261 744 audire
1308 710 1431 762 quae
1472 693 1646 744 sentis
1686 714 1696 745 ε
1763 713 1887 746 nam
1930 696 1997 747 de
2033 703 2184 748 secta
2226 696 2327 747 hac

210 779 263 816 23
290 781 475 828 notum
503 780 588 826 est
615 774 792 836 nobiS‚
824 774 953 842 quia
994 774 1198 844 ubique
1227 775 1276 826 ei
1303 776 1721 828 contradicitur.
1763 782 1795 818 *
1837 777 1975 830 Cum
2004 780 2329 831 constituis-

286 864 410 910 sent
454 863 639 910 autem
683 857 762 907 illi
803 856 970 920 diem,
1017 863 1289 909 venerunt
1336 858 1405 909 ad
1453 877 1578 910 eum
1626 859 1681 910 in
1735 860 2036 930 hospitium
2085 863 2327 931 plurimi,

287 942 488 1012 quibus
516 941 830 1009 exponebat
859 940 1163 991 testificans
1194 959 1427 1009 regnum
1460 942 1581 1005 Dei,
1614 943 1961 1014 suadensque
1990 946 2069 997 eis
2098 946 2165 997 de
2194 947 2328 998 Jesu

287 1046 354 1078 ex
428 1026 576 1094 Lege
642 1024 823 1093 Moysi
869 1029 925 1075 et
977 1024 1289 1093 Prophetis„
1347 1045 1377 1075 a
1438 1045 1596 1077 mane
1658 1045 1831 1096 usque
1896 1029 1964 1080 ad
2026 1048 2332 1098 vesperam.

211 1114 266 1153 24
289 1115 320 1152 >¹<
347 1111 420 1160 Et
442 1108 664 1178 quidam
688 1107 990 1159 credebant
1011 1108 1117 1172 his,
1142 1127 1265 1177 quae
1293 1109 1647 1162 dicebantur:
1675 1111 1898 1180 quidam
1927 1131 2056 1165 vero
2084 1132 2192 1165 non
2217 1132 2332 1165 cre-

211 1196 264 1236 25
289 1193 509 1244 debant.
536 1195 567 1232 >¹<
599 1190 845 1259 Cumque
872 1191 1106 1243 invicem
1135 1210 1244 1244 non
1274 1197 1459 1243 essent
1486 1194 1917 1259 consentienteS,
1949 1195 2332 1260 discedebant,

288 1416 485 1468 sarium,
503 1413 908 1473 quemadmodum
935 1413 1138 1458 forsitan
1161 1413 1368 1458 audistis
1387 1427 1463 1457 me
1483 1413 1835 1472 Hierosolymis
1861 1417 2011 1461 fuisse
2034 1423 2333 1472 accusatum3

288 1502 442 1543 neque
466 1486 612 1529 ullius
634 1485 757 1528 alius
786 1485 980 1528 sceleris
1008 1498 1112 1528 esse
1136 1499 1297 1536 reum;
1325 1484 1420 1529 imo
1443 1499 1572 1536 vero,
1597 1500 1673 1528 me
1697 1500 1793 1530 non
1820 1487 2046 1532 meditari
2073 1489 2336 1546 quidquam

288 1557 488 1601 ultionis
512 1560 597 1599 aut
619 1554 974 1599 criminationis
998 1560 1167 1599 contra
1190 1555 1447 1611 populares
1471 1569 1619 1599 meos.
1639 1555 1773 1607 Haec,
1798 1561 1855 1600 ut
1878 1571 2025 1613 supra
2049 1557 2161 1610 dixi,
2185 1559 2339 1603 voluit

289 1627 553 1682 Apostolus
587 1639 899 1681 praemonere,
933 1640 991 1668 ne
1026 1639 1124 1668 suae
1159 1629 1326 1669 essent
1357 1625 1604 1675 obstacula
1638 1625 1986 1680 praedicationi.
2023 1652 2078 1659 —
2117 1629 2340 1672 PROPTER

289 1709 408 1739 SPEM
431 1696 614 1744 IsRAEL‚
638 1709 665 1737 a
687 1709 760 1737 me
783 1693 1085 1738 nuntiatam:
1110 1709 1207 1738 non
1234 1694 1326 1737 alia
1348 1694 1406 1737 de
1431 1708 1589 1745 causa,
1615 1709 1760 1751 quam
1787 1695 1916 1751 quod
1942 1695 2189 1740 docuerim
2214 1712 2338 1755 spem

289 1767 455 1819 Israel,
479 1766 507 1808 i.
535 1780 572 1809 e.
602 1764 843 1817 Messiam,
868 1779 1010 1822 quem
1036 1765 1272 1809 Israelitae
1294 1765 1483 1809 tamdiu
1512 1771 1847 1821 expectarunt,
1864 1766 2137 1820 advenisse,
2157 1768 2339 1812 scilicet

290 1838 459 1881 Jesum
482 1836 809 1879 Nazarenum.

349 1908 419 1950 21.
442 1906 726 1962 Suspicatus
750 1910 852 1949 erat
876 1904 1055 1949 Paulus
1075 1906 1367 1949 calumniam
1386 1911 1555 1950 contra
1576 1920 1626 1949 se
1646 1920 1863 1963 sparsam
1883 1907 2050 1960 fuisse,
2067 1911 2153 1952 aut
2170 1907 2339 1952 falsam

291 1979 506 2023 criminis
531 1979 706 2022 famam
729 1978 789 2021 ad
815 1978 921 2022 illos
944 1978 1151 2023 fortasse
1175 1978 1459 2034 pervenisse
1490 1995 1500 2022 ·.
1523 1993 1577 2021 ex
1613 1977 1704 2022 hoc
1739 1992 1971 2035 responso
1999 1984 2133 2036 patet
2165 1979 2213 2024 id
2245 1994 2341 2023 non

290 2049 534 2094 accidisse.

352 2119 420 2162 22.
446 2118 519 2161 DE
537 2130 675 2160 SECTA
692 2129 800 2168 ΠΛΟ,
819 2117 955 2175 cujus
977 2122 1029 2161 tu
1053 2122 1101 2161 te
1119 2132 1390 2172 praeconem
1417 2117 1661 2174 profiteris
1684 2118 1746 2166 (v.
1767 2118 1861 2172 20).
1887 2117 1957 2161 Cf.
1988 2133 2135 2174 supra
2154 2117 2341 2170 XXIV,

293 2190 362 2232 14.
388 2189 583 2232 Veritas
603 2187 830 2230 historica
848 2187 1047 2243 hujusce
1063 2188 1283 2242 responsi
1303 2192 1469 2230 nostra
1488 2191 1633 2230 aetate
1655 2201 1682 2229 a
1701 2186 2038 2230 Rationalistis
2058 2187 2343 2244 impugnata

292 2259 398 2310 fuit,
437 2263 483 2302 et
523 2257 703 2312 duplici
730 2257 927 2314 quidem
950 2262 1253 2313 argumento.
1281 2257 1329 2312 α)
1373 2256 1623 2300 Probabile
1650 2271 1745 2301 non
1773 2263 1861 2307 est,
1889 2256 2040 2308 aiunt,
2063 2257 2122 2300 ad
2145 2256 2342 2300 Judaeos

292 2329 459 2371 Romae
501 2327 774 2370 habitantes
808 2326 996 2369 nullum
1030 2327 1310 2383 pervenisse
1360 2340 1605 2369 rumorem
1649 2326 1707 2368 de
1748 2326 1890 2369 Paulo
1933 2325 2130 2382 ejusque
2183 2324 2346 2368 labore

292 2398 564 2453 apostolico.
584 2396 926 2451 Respondetur
944 2396 1033 2439 hoc
1053 2410 1145 2438 non
1169 2396 1261 2439 dici
1291 2395 1418 2451 apud
1445 2395 1640 2446 Lucam,
1662 2395 1746 2438 sed
1768 2395 1992 2439 notitiam
2016 2394 2344 2438 authenticam

292 2468 350 2511 de
369 2482 510 2511 causa
542 2467 671 2508 Pauli
698 2466 769 2519 (de
790 2480 871 2508 son
894 2466 1066 2521 proces)
1092 2479 1178 2508 nec
1214 2465 1397 2520 scripto
1420 2479 1507 2507 nec
1534 2466 1644 2508 viva
1667 2479 1784 2508 voce
1808 2470 2055 2520 acceptam
2090 2464 2254 2507 fuisse.
2281 2463 2347 2507 Et

293 2543 435 2589 certe,
474 2542 582 2594 post
622 2536 993 2593 appellationem
1022 2551 1050 2578 a
1071 2535 1221 2579 Paulo
1245 2535 1438 2587 factam,
1464 2535 1639 2578 notitia
1665 2539 1779 2577 ante
1813 2534 2102 2590 Apostolum
2142 2533 2345 2576 Romam

294 2609 545 2665 pervenire
591 2621 685 2650 non
722 2607 895 2662 potuit,
944 2606 1056 2661 quia
1098 2606 1202 2660 ipse
1252 2605 1405 2660 prima
1446 2605 1694 2648 occasione
1740 2604 1853 2647 data
1899 2605 1992 2647 iter
2032 2603 2158 2647 fecit.
2216 2603 2345 2645 Ante

294 2676 665 2734 appellationem
684 2685 862 2726 autem,
882 2675 1042 2718 Judaei
1071 2674 1447 2717 Palaestinenses
1469 2688 1565 2717 non
1591 2673 1932 2728 praeviderunt
1953 2687 2059 2716 eam
2082 2671 2346 2715 faciendam

295 2761 416 2797 esse,
454 2751 600 2803 atque
636 2745 743 2789 ideo
785 2744 845 2788 de
881 2759 1027 2788 causa
1066 2745 1162 2787 ista
1200 2743 1403 2786 Romam
1442 2757 1538 2786 non
1572 2742 1853 2786 retulerunt
1887 2741 2166 2785 authentice
2190 2740 2269 2793 (ils
2291 2755 2348 2784 nc

294 2817 534 2872 sonyerent
552 2815 687 2871 quere
716 2815 744 2858 ἁ
782 2827 973 2870 envoyer
996 2828 1061 2856 un
1086 2815 1280 2869 rapport
1305 2804 1494 2868 officiet).
1523 2811 1721 2868 Utique,
1748 2811 1864 2854 dum
1902 2810 2078 2854 Paulus
2114 2810 2347 2854 Gaesareae

296 2886 346 2928 in
368 2899 556 2929 carcere
581 2890 700 2935 erat,
725 2884 892 2928 Romae
917 2883 975 2926 de
1008 2884 1112 2939 ipso
1136 2883 1263 2926 inter
1287 2882 1486 2926 Judaeos
1510 2883 1666 2925 multa
1689 2887 1885 2925 narrata
1909 2881 2060 2924 fuisse
2084 2879 2348 2924 verisimile

297 2962 400 3007 est;
456 2956 540 3000 sed
592 2956 651 2999 de
702 2956 890 3012 privata
941 2955 1221 3012 hujusmodi
1275 2955 1448 2998 notitia
1503 2954 1580 2996 hic
1632 2968 1728 2996 non
1785 2953 2054 3009 loquuntur
2107 2951 2347 3006 primores

297 3025 610 3070 Judaeorum:
643 3040 772 3070 nunc
810 3035 989 3077 autem,
1031 3026 1190 3069 oblata
1230 3024 1496 3074 occasione,
1529 3022 1700 3067 volunt
1740 3023 1799 3066 ab
1836 3024 1942 3078 ipso
1993 3022 2137 3065 Paulo
2181 3020 2348 3064 audire

298 3096 415 3151 quid
460 3098 652 3140 sentiat.
680 3121 734 3126 —
761 3094 802 3149 b)
845 3095 963 3150 Quis
987 3095 1164 3147 credet,
1198 3095 1337 3138 aiunt
1374 3094 1555 3137 iterum
1595 3092 1949 3141 Rationalistae,
1992 3091 2192 3135 Judaeos
2226 3089 2349 3133 nihil

298 3167 490 3210 novisse
516 3167 574 3210 de
597 3166 892 3217 christianis,
913 3166 1007 3208 nisi
1025 3180 1105 3209 eos
1131 3165 1190 3209 ab
1215 3164 1440 3208 omnibus
1479 3162 1686 3219 repelli?
1714 3162 1772 3207 R.
1806 3162 1865 3206 Id
1900 3176 1956 3206 ex
1993 3176 2159 3206 eorum
2182 3159 2346 3204 verbis

301 3236 496 3278 minime
539 3236 878 3292 consequitur:
924 3236 1190 3291 loquuntur
1243 3248 1354 3277 cum
1409 3238 1715 3287 contemptu,
1771 3231 1855 3274 sed
1917 3230 2094 3273 nolunt
2150 3228 2348 3286 longius
2416 3258 2420 3261 -

301 3305 542 3359 progredi,
568 3320 622 3347 ex
648 3305 926 3356 calliditate,
953 3305 1112 3360 potius
1137 3304 1367 3347 ducentes
1406 3303 1538 3346 Pauli
1571 3301 1916 3358 explicationes
1951 3304 2253 3354 exspectare.

359 3374 429 3416 23.
467 3375 699 3422 PLuiuMiz
738 3382 931 3425 πλειονες,
963 3375 1117 3432 plures
1149 3389 1293 3431 quam
1331 3386 1485 3417 antea.
1522 3396 1575 3403 -
1607 3371 1943 3414 TasriricANs:
1979 3374 2349 3424 διαμαρτυρομενος

301 3443 513 3488 adductis
532 3444 806 3488 testimoniis
825 3445 1043 3500 probans.

361 3514 429 3557 25.
462 3513 616 3557 Unum
647 3526 865 3557 VERBUM:
902 3519 1010 3570 post
1044 3520 1116 3558 tot
1151 3513 1296 3557 verba
1327 3511 1660 3568 explicationis
1697 3524 1752 3553 ac
1789 3506 2221 3553 demonstrationis
2263 3518 2348 3562 per
