2430 4030
293 301 362 352 64
430 332 434 335 -
839 317 999 352 Ae'rus
1039 318 1433 365 ArosroLoRUM,
1479 304 1556 367 II,
1599 286 1788 358 4224?

211 442 267 481 44
289 447 598 498 Jerusalem
638 447 864 510 fiebant,
907 452 961 498 et
1002 457 1181 500 metus
1223 454 1341 500 erat
1381 469 1614 520 magnus
1654 453 1708 502 in
1753 451 2043 504 universis.
2075 454 2107 492 ²¹<
2139 450 2342 504 Omnes

288 531 473 594 etiam,
505 532 596 599 qui
625 531 924 582 credebant
953 538 1110 583 erant
1138 533 1360 601 pariter,
1391 541 1447 586 et
1477 535 1756 586 habebant
1795 536 1975 586 omnia
2014 535 2341 588 communia.

210 607 263 648 45
290 618 322 654 >¹<
354 613 732 665 Possessiones
762 620 816 665 et
845 615 1186 667 substantias
1226 617 1558 681 vendebant,
1601 624 1657 669 et
1696 618 2020 671 dividebant
2049 618 2140 670 illa
2167 618 2340 671 omni-

210 697 264 737 46
291 696 412 759 bus,
442 701 605 764 prout
634 697 829 766 cuique
859 715 995 766 opus
1027 703 1161 750 erat.
1194 702 1226 739 >¹<
1257 698 1514 764 Quotidie
1557 718 1785 770 quoque.
1813 701 2179 770 perdurantes
2209 719 2339 753 una-

349 945 419 988 44.
457 942 625 987 OMNES
659 956 804 986 ETIAM
837 948 925 987 etc.
964 942 1054 987 Pro
1087 943 1241 994 etiam,
1277 957 1434 999 graeee
1466 948 1540 988 est
1574 951 1629 998 δε,
1666 948 1836 998 autem,
1860 959 1968 1003 quae
1994 944 2234 1002 particula
2266 949 2341 988 est
2410 979 2416 982 <

288 1014 537 1071 pergentis
572 1014 620 1056 in
654 1013 931 1058 narratione
970 1033 979 1056 ι
1024 1014 1165 1058 modo
1205 1014 1326 1058 dixit
1365 1014 1481 1071 quid
1514 1014 1726 1059 facerent
1765 1015 1989 1071 apostoli,
2023 1029 2152 1059 nunc
2184 1017 2341 1058 autem

289 1083 404 1140 quid
426 1083 605 1127 fideles.
635 1083 859 1134 PARITER,
884 1103 948 1126 επι
969 1103 1015 1126 το
1040 1103 1151 1137 arro,
1178 1084 1334 1136 simul,
1368 1090 1530 1137 erant3
1557 1085 1585 1127 i.
1605 1099 1641 1127 e.
1671 1085 1719 1128 in
1745 1091 1981 1143 quantum
2008 1084 2111 1128 fieri
2133 1087 2339 1142 poterat,

288 1153 568 1210 conjunctim
614 1152 860 1204 vivebant,
904 1158 1155 1210 tamquam
1199 1153 1236 1197 si
1284 1153 1344 1197 ad
1392 1169 1538 1198 unam
1585 1155 1902 1213 eamdemque
1949 1155 2146 1199 domum
2190 1154 2339 1211 perti-

287 1222 510 1266 nuissent
535 1236 716 1273 omnes,
753 1237 880 1279 saepe
912 1223 964 1266 in
997 1238 1145 1266 mmm
1180 1223 1327 1266 locum
1361 1224 1703 1268 convenientes
1737 1231 1785 1269 et
1817 1240 1843 1268 a
1879 1225 2052 1269 ceteris
2085 1223 2254 1267 incolis
2287 1237 2338 1267 se

286 1298 599 1349 segregantes
626 1311 635 1336 :
661 1293 771 1337 inde
795 1298 968 1348 sponte
1001 1293 1294 1350 sequebatur
1327 1293 1564 1338 bonorum
1586 1295 1909 1338 communitas
1944 1309 2032 1338 seu
2066 1292 2338 1338 communis

286 1377 402 1406 usus
427 1365 488 1415 (v.
513 1363 606 1417 45),
630 1363 784 1420 qualis
813 1364 937 1407 inter
967 1363 1180 1406 membra
1203 1363 1419 1420 ejusdem
1443 1363 1618 1408 domus
1641 1379 1726 1408 seu
1749 1365 1944 1408 familiae
1967 1364 2174 1409 existere
2200 1363 2338 1408 solet.

286 1434 447 1478 Nolim
472 1453 537 1477 επι
559 1453 604 1477 το
630 1453 726 1476 auro
752 1448 942 1478 sumere
966 1449 1054 1491 pro
1077 1439 1341 1487 ὸμοθυμαδον,
1371 1435 1673 1487 unanimiter,
1698 1436 1757 1479 de
1779 1436 2056 1479 animorum
2083 1432 2338 1478 concordia

286 1508 477 1547 tantum
513 1522 521 1547 :
556 1505 796 1561 quamvis,
833 1504 890 1547 de
931 1511 1104 1555 cetero,
1144 1504 1418 1560 conjunctio
1457 1504 1535 1548 illa
1570 1506 1619 1547 in
1654 1520 1794 1548 unam
1832 1505 2062 1549 familiam
2097 1517 2335 1548 summam

285 1573 503 1617 includat
535 1574 806 1617 animorum
842 1576 1229 1618 consensionem.

344 1644 415 1686 45.
453 1643 795 1695 Possessxonns,
828 1644 952 1688 bona
988 1644 1266 1695 immobilia,
1306 1657 1360 1688 ET
1392 1657 1710 1695 susssTANTIAS,
1746 1648 1941 1699 ὑπαρξεις,
1975 1648 2158 1688 ceteras
2191 1643 2336 1687 facul-

285 1719 410 1758 tates
445 1729 529 1758 seu
563 1715 757 1758 mobilia
789 1715 926 1767 bona,
960 1729 1257 1767 VENDEBANT‚
1290 1728 1347 1758 ΕΤ
1380 1716 1587 1771 pretium
1621 1727 1910 1758 DIVIDEBANT
1944 1727 2166 1769 OMNIBUS.

344 1784 463 1828 Haec
495 1790 658 1827 autem
692 1784 1124 1828 Communistis
1157 1784 1401 1828 hodiernis
1436 1799 1487 1828 re
1525 1785 1629 1841 ipsa
1662 1799 1757 1829 non
1783 1785 1982 1829 favent:
2012 1798 2161 1842 quum
2187 1783 2232 1827 10
2257 1782 2340 1827 illa

285 1853 519 1897 bonorum
548 1853 870 1897 communitas
895 1860 1068 1910 sponte
1089 1854 1286 1898 omnino
1310 1861 1356 1898 et
1381 1854 1529 1898 libere
1561 1860 1913 1911 acceptaretur,
1946 1854 2004 1898 cf.
2042 1854 2149 1897 Aet.
2182 1852 2242 1905 V,
2279 1855 2335 1907 43

285 1924 332 1966 20
372 1924 533 1967 localis
571 1928 699 1967 esset
734 1930 781 1967 et
817 1925 1080 1980 sinqztlaris
1114 1944 1126 1967 :
1164 1939 1259 1968 non
1294 1925 1422 1968 enim
1455 1924 1569 1968 alibi
1602 1939 1745 1982 quam
1783 1925 1832 1967 in
1865 1924 2064 1968 eeclesia
2096 1922 2337 1981 Jerosoly·

286 1994 467 2038 mitana
499 1994 548 2036 in
581 2008 674 2036 usu
706 1993 856 2037 fuisse
890 1994 1104 2050 legitur3
1142 1994 1236 2038 imo
1268 2008 1398 2045 vero,
1433 2009 1535 2037 eam
1572 1994 1677 2038 aliis
1721 1995 1770 2037 in
1810 1993 1924 2038 locis
1959 2009 2055 2038 non
2090 1992 2339 2037 exstitisse

286 2064 530 2119 colligitur
564 2077 618 2107 ex
652 2064 712 2106 iis
747 2078 853 2120 quae
888 2079 924 2107 s,
967 2065 1141 2107 Paulus
1178 2064 1235 2107 de
1275 2064 1487 2109 collectis
1521 2078 1627 2121 quae
1663 2065 1839 2109 fiebant
1863 2066 1913 2107 in
1941 2070 2147 2116 sanctos,
2178 2062 2335 2120 deque

284 2136 454 2178 harum
483 2133 621 2177 modo
645 2142 691 2177 et
714 2137 914 2185 ratione,
951 2134 1121 2178 scribit
1148 2136 1166 2177 l
1201 2133 1308 2178 Cor.
1346 2134 1455 2187 XV,
1494 2135 1512 2177 l
1551 2150 1640 2192 sq.,
1672 2139 1721 2179 et
1754 2135 1780 2176 2
1816 2134 1922 2179 Cor.
1960 2134 2047 2178 IX.
2075 2134 2122 2176 3⁰
2149 2134 2336 2190 Tempo-

281 2205 403 2248 ralis
429 2206 672 2248 etcaduca
705 2205 810 2256 fuit,
846 2205 993 2248 etiam
1028 2205 1377 2262 Jerosolyrnis3
1417 2205 1650 2261 abrogata
1684 2206 1812 2248 enim
1851 2206 1958 2257 fuit,
1991 2205 2157 2249 statim
2190 2210 2337 2261 atque

282 2274 661 2318 extraordinaria
701 2288 861 2317 rerum
900 2274 1140 2331 adjuncta,
1182 2289 1289 2332 quae
1321 2289 1426 2317 eam
1463 2274 1768 2325 induxerant,
1805 2274 2108 2319 effluxerunt.
2141 2274 2187 2316 4⁰
2217 2273 2337 2317 Erat

283 2344 555 2397 adventitia,
595 2358 805 2401 namque
843 2345 903 2387 ad
945 2345 1060 2388 vitae
1103 2358 1214 2388 vere
1255 2344 1536 2387 christianae
1570 2350 1790 2387 naturam
1828 2358 1911 2387 seu
1942 2343 2200 2388 essentiam
2233 2356 2336 2386 eam

286 2417 526 2471 pertinere
547 2429 791 2472 nusquam
815 2415 1103 2459 affirmatur.
1140 2415 1202 2459 Et
1236 2429 1287 2458 re
1320 2414 1513 2472 quidem
1547 2429 1680 2466 vera,
1716 2415 1908 2472 quando
1942 2413 2338 2471 Jerosolymitani

284 2491 458 2543 rogant
493 2486 709 2537 Petrum,
743 2501 787 2529 v.
826 2486 896 2537 37,
933 2485 1049 2543 quid
1086 2485 1241 2529 faeere
1278 2486 1500 2536 debeant,
1535 2486 1782 2541 apostolus
1810 2485 2071 2542 respondet
2102 2484 2198 2528 duo
2232 2498 2339 2528 esse

284 2556 567 2607 necessaria,
605 2555 942 2611 poenitentiam
966 2561 1011 2598 et
1039 2555 1348 2610 Baptismum
1374 2573 1384 2607 ;
1420 2555 1642 2613 nihilque
1674 2555 1809 2599 addit
1842 2555 1900 2599 de
1933 2554 2200 2612 abjiciendo
2225 2553 2338 2611 jure

284 2625 564 2683 possidendi
596 2625 721 2668 bona
753 2624 945 2680 privata
978 2623 1222 2680 quaelibet.
1258 2623 1470 2667 Tandem
1508 2625 1554 2668 5⁰
1589 2625 1736 2682 (quod
1770 2639 1823 2668 ex
1851 2627 1897 2668 10
1923 2626 2078 2669 oritur
2101 2632 2148 2667 et
2174 2637 2337 2667 conse·

284 2696 487 2754 quitur),
513 2709 668 2752 neque
693 2693 851 2743 JesuS‚
877 2707 1032 2750 neque
1057 2693 1263 2749 apostoli
1280 2693 1361 2750 jus
1387 2694 1511 2738 illud
1535 2709 1764 2752 umquam
1791 2699 2096 2751 negaverunt
2120 2711 2129 2737 :
2151 2698 2334 2745 contra,

283 2771 448 2825 aperte
473 2765 802 2815 admiserunt3
838 2778 880 2807 v.
917 2779 1006 2820 gr.,
1041 2778 1153 2808 cum
1190 2779 1227 2807 s.
1265 2764 1443 2808 Paulus
1476 2765 1523 2807 in
1558 2765 1779 2820 epistolis
1814 2766 1915 2808 suis
1948 2763 2240 2808 christianos
2274 2762 2336 2807 ad
2384 2787 2387 2790 ·

283 2840 635 2894 eleemosynam
676 2835 979 2887 adhortatur,
1025 2840 1080 2879 ut
1121 2839 1309 2878 certum
1353 2834 1488 2890 ponit
1531 2849 1634 2878 eam
1668 2849 1774 2878 esse
1807 2848 2007 2891 prorsus
2039 2834 2255 2886 liberam,
2287 2837 2337 2878 et

283 2908 540 2964 unicuique
565 2907 647 2964 jus
684 2919 789 2950 esse
834 2904 1063 2949 strictum
1099 2904 1341 2948 retinendi
1378 2908 1464 2947 aut
1497 2903 1820 2948 distribuendi
1861 2904 2114 2948 facultates
2149 2919 2276 2948 suas.
2424 2952 2430 2958 y,

348 2981 579 3025 Praeclare
611 2979 750 3023 docet
785 2978 991 3034 Bisping
1024 2977 1262 3021 bonorum
1297 2978 1710 3029 communitatem,
1745 2978 1794 3020 in
1829 2965 2046 3022 Ecclesia
2073 2977 2337 3034 primitiva,
2418 2987 2430 3045 ξ

282 3052 561 3108 linguarum
588 3048 711 3092 dono
737 3047 1018 3105 parallelam
1044 3061 1128 3090 seu
1159 3047 1367 3090 similem
1392 3047 1698 3103 aliquatenus
1722 3061 1841 3090 esse.
1875 3046 2011 3091 Sicut
2034 3047 2162 3090 enim
2186 3059 2337 3098 amor,
2410 3052 2430 3121 4

281 3135 423 3178 quem
451 3120 664 3176 Spiritus
689 3133 726 3161 s.
747 3119 795 3160 in
815 3132 894 3161 cor
915 3116 1106 3161 abunde
1131 3116 1314 3167 effudit,
1341 3116 1635 3166 sustulit,.ad
1654 3116 1799 3160 breve
1823 3122 2032 3172 tempus,
2056 3117 2334 3172 linguarum
2411 3110 2430 3166 3

281 3190 585 3240 divisionem,
626 3202 733 3245 quae
772 3202 828 3231 ex
861 3186 1089 3242 superbia
1125 3192 1231 3229 orta
1268 3186 1453 3229 fuerat:
1495 3185 1562 3228 sic
1592 3184 1735 3228 etiam
1770 3185 2004 3228 bonorum
2031 3184 2336 3236 divisionem,
2407 3177 2419 3246 f

281 3260 419 3317 cujus
447 3258 603 3315 prima
627 3272 771 3302 causa
794 3258 954 3300 fuerat
976 3262 1227 3312 peccatum
1247 3255 1486 3312 eqoismus,
1505 3253 1646 3297 modo
1669 3254 1961 3310 temporario
1978 3259 2025 3297 et
2043 3253 2265 3309 fugitivo,
2284 3253 2334 3297 in

283 3344 431 3386 parva
464 3328 671 3385 quadam
709 3328 961 3372 hominum
1005 3326 1246 3376 societate,
1277 3339 1466 3369 cessare
1499 3324 1612 3368 fecit
1645 3324 1723 3368 vel
1755 3324 1926 3368 saltem
1950 3323 2218 3380 suspendit.
2257 3323 2336 3368 Ita
2408 3354 2411 3355 γ

283 3408 586 3458 praeparatus
630 3398 723 3441 fuit
763 3397 1074 3441 felicissimus
1111 3397 1191 3440 ille
1231 3400 1404 3447 status,
1441 3396 1523 3452 qui
1558 3395 1608 3438 in
1649 3395 1798 3445 coelis,
1837 3395 1918 3439 ubi
1950 3401 2200 3450 peccatum
2237 3406 2336 3438 nou

285 3478 374 3522 est,
396 3469 602 3513 existere
624 3467 801 3511 debet:
826 3467 891 3511 ibi
916 3466 1047 3511 enim
1071 3480 1168 3509 una
1191 3466 1408 3509 omnium
1434 3465 1616 3520 lingua,
1641 3464 1705 3508 ibi
1731 3463 1911 3508 eaedem
1935 3464 2118 3510 divitiae
2141 3468 2189 3508 et
2210 3462 2335 3508 bona
2398 3475 2406 3510 ὃ

285 3539 573 3589 communia,
606 3539 718 3595 quia
750 3538 815 3582 ibi
850 3552 931 3582 cor
967 3551 1118 3581 unum
1153 3549 1342 3592 semper
1375 3539 1423 3580 et
1454 3536 1614 3579 anima
1648 3549 1757 3579 una.

345 3611 417 3654 46.
461 3608 847 3654 ΡΕΒΒΟΒΔΝΤΕεε
881 3623 953 3665 gr.
987 3624 1372 3663 προσκαρτερουντες
1404 3606 1449 3661 (a
1479 3623 1576 3661 προς
1607 3610 1653 3651 et
1684 3623 1884 3662 καρτερειν
1914 3604 2088 3664 perdat
2089 3619 2182 3660 are,
2207 3603 2334 3664 quod
2390 3630 2402 3647 .-
