2430 4030
633 310 663 345 Ε
707 307 1012 346 NAUFRAfflo
1051 310 1351 347 mcommas
1389 311 1583 348 omnus,
2019 295 2124 348 263

0 428 17 463 f
90 441 225 495 facit
258 440 518 492 miracula
563 439 759 507 (7-10).
799 440 1171 493 Proficiscitur
1198 442 1444 506 Romam,
1474 443 1579 494 iter
1606 442 1811 494 faciens
1839 460 1936 511 per
1967 442 2126 512 Syra-

11 543 14 546 ’
91 541 272 588 cusas,
299 521 596 591 Rhegium,
630 522 907 586 Puteolos,
938 525 1107 593 Appii
1135 525 1337 576 Forum
1357 530 1412 576 et
1434 524 1566 576 Tres
1590 526 1866 578 Tabernas
1891 526 1933 592 (l
1954 526 2128 592 1-15).

1 608 17 666 ’ἦ
91 606 300 670 Romae,
329 623 437 656 non
466 605 524 655 in
553 621 785 668 carcere,
826 605 924 656 sed
963 607 1018 656 in
1048 607 1210 658 domo
1236 609 1450 675 privata
1490 613 1672 659 manet
1705 608 1839 675 (16).
1871 609 2129 659 Primori-

88 689 194 742 bus
230 687 552 760 «Iudaeorum
589 687 820 755 exponit
855 705 952 738 our
990 689 1242 757 captivus
1284 689 1358 740 sit
1385 694 1441 740 et
1476 688 1748 742 Caesarem
1774 690 2133 758 appellaverit:

97 770 345 839 (1'7-22);
390 769 518 824 dein
559 769 924 837 Evangelium
965 772 1186 822 nuntiat
1226 771 1457 835 Judaeis,
1499 790 1730 840 quorum
1760 772 1851 823 alii
1879 772 2128 834 credunt,

89 852 183 905 alii
209 870 360 916 ver0,
389 850 694 904 secundum
724 851 883 903 Isaiae
920 851 1354 921 praedictionem,
1394 853 1559 905 fidem
1587 859 1856 923 respuunt
1895 854 2131 921 (23-29).

91 937 195 989 Per
222 935 528 998 biennium,
559 934 840 990 Christum
881 937 1154 999 omnibus,
1194 942 1305 988 tam
1346 937 1655 1005 gentilibus
1702 955 1863 1006 quam
1902 938 2129 1002 Judaeis,

91 1019 187 1089 qui
211 1018 280 1071 ad
308 1018 426 1088 ejus
455 1017 682 1072 domum
710 1019 960 1082 veniunt,
991 1018 1158 1071 libere
1184 1019 1452 1088 praedicat
1489 1020 1718 1087 (3031).

163 1146 197 1184 *
237 1142 311 1193 Et
357 1159 482 1194 cum
528 1142 910 1206 evasissemuS,
957 1148 1088 1195 tuuc
1135 1144 1496 1213 cognovimus
1543 1145 1669 1213 quia
1715 1143 1908 1196 Melita
1952 1144 2178 1203 insula1

91 1228 405 1282 vocabatur.
447 1228 680 1280 Barbari
713 1246 843 1280 vero
881 1229 1224 1297 praestabant
1265 1247 1376 1281 non
1418 1230 1689 1282 modicam
1737 1230 2130 1282 humanitatem

94 1311 274 1364 nobis.
332 1315 365 1352 ³¹<
418 1312 667 1362 Accensa
719 1311 864 1361 euim
917 1330 1068 1382 pyra,
1138 1312 1461 1364 reficiebant
1514 1330 1614 1364 nos
1668 1331 1858 1364 omnes
1908 1319 2180 1382 propter2

91 1395 351 1459 imbrem,
391 1396 484 1463 qui
520 1395 865 1459 imminebat,
905 1402 960 1446 et
1002 1395 1198 1465 frigus,
1247 1400 1278 1436 ²¹<
1331 1395 1468 1449 Cum
1513 1405 1912 1467 congregasset
1953 1404 2133 1449 autem
2158 1420 2183 1457 3

91 1477 295 1529 Paulus
338 1483 743 1530 sarmentorum
790 1478 1130 1546 aliquantam
1186 1478 1624 1544 multitudinem,
1672 1486 1727 1532 et
1776 1481 2134 1550 imposuisset

153 1682 195 1724 1.
235 1680 443 1733 Mum,
483 1694 610 1724 nunc
655 1679 825 1731 Malta,
867 1694 1014 1736 prope
1063 1679 1301 1735 Siciliam3
1339 1694 1642 1738 nequaquam
1685 1695 1799 1726 vero
1843 1680 2136 1737 intelligitur

97 1750 258 1794 insula
280 1751 496 1795 Melitene
517 1755 602 1795 aut
625 1750 823 1802 Meleda,
850 1764 957 1806 quae
977 1750 1171 1795 Italiam
1206 1751 1332 1795 inter
1363 1757 1410 1795 et
1445 1751 1696 1808 Illyricum
1721 1751 1814 1795 sita
1838 1755 1926 1795 est.
1950 1749 2011 1793 Id
2033 1750 2134 1807 qui-

95 1820 206 1864 dem
240 1821 424 1877 opinati
455 1824 571 1864 sunt
604 1819 895 1875 interpretes
929 1819 1168 1871 nonnulli,
1200 1826 1312 1876 post
1345 1821 1446 1866 cod.
1483 1820 1567 1873 Bt,
1591 1835 1713 1866 vers.
1739 1834 1841 1876 syr.
1875 1819 2067 1875 philox„
2087 1825 2135 1863 et

95 1904 294 1942 armen.‚
326 1898 374 1935 et
406 1905 444 1934 s.
479 1890 637 1942 Hier.;
670 1889 754 1933 sed
786 1889 836 1932 in
869 1903 1081 1933 errorem
1114 1888 1248 1934 ducti
1281 1895 1411 1943 sunt,
1446 1896 1701 1947 propterea
1734 1889 1861 1946 quod
1890 1888 2054 1939 Adria,
2077 1887 2136 1931 de

97 1973 193 2016 qua
215 1959 434 2013 XXVII,
453 1960 508 2004 27
535 1960 716 2004 mentio
739 1958 808 2012 fit,
828 1959 1211 2004 existimaverint
1238 1959 1363 2004 idem
1387 1974 1491 2005 esse
1513 1974 1644 2005 mare
1667 1959 1795 2017 quod
1819 1973 1946 2003 nunc
1970 1957 2137 2002 Adria-

99 2029 241 2073 ticum
264 2029 576 2086 appellamus.

161 2099 378 2143 Binum
401 2118 409 2143 :
436 2099 526 2144 hoo
557 2098 751 2144 nomine
784 2098 919 2143 nulla
950 2098 1253 2154 significatur
1291 2099 1463 2144 diritas
1495 2104 1579 2144 aut
1611 2098 1890 2143 immanitas
1916 2117 1925 2142 :
1961 2097 2139 2142 etenim

100 2169 292 2215 barbari
317 2185 345 2214 a.
370 2169 550 2214 Graeois
575 2177 621 2214 et
644 2170 875 2214 Romanis
898 2169 1194 2213 vocabantur
1218 2175 1388 2226 gentes
1413 2184 1579 2216 omnes
1598 2185 1704 2227 quae
1723 2184 1876 2226 graece
1894 2172 1978 2212 aut
1996 2167 2142 2213 latine

98 2255 196 2285 non
229 2240 566 2297 loquebantur,
601 2240 811 2296 adeoque
846 2238 1026 2283 Graecae
1060 2246 1144 2283 aut
1175 2239 1405 2285 Romanae
1442 2255 1537 2284 non
1579 2246 1728 2284 erant.
1772 2238 1947 2283 Incolae
1980 2243 2140 2282 autem

100 2311 281 2356 Melitae
328 2311 515 2355 Punicae
553 2317 690 2354 erant
729 2310 932 2366 originis
966 2328 975 2354 :
1016 2311 1110 2354 ista
1148 2316 1289 2355 aetate
1327 2312 1416 2356 sub
1449 2311 1779 2356 Romanorum
1818 2309 2144 2355 dominatione

100 2386 260 2433 erant;
290 2379 447 2424 insula
472 2380 601 2423 enim
623 2379 684 2423 ad
714 2379 1018 2423 Provinciam
1045 2378 1224 2424 Siciliae
1247 2380 1535 2437 pertinebat.

159 2451 199 2494 2.
224 2451 445 2494 ACCENSA
478 2462 595 2492 PYRA
622 2464 629 2487 :
656 2467 776 2504 πυρα,
804 2449 994 2505 proprie
1028 2452 1177 2493 strues
1210 2450 1446 2507 liquorum
1480 2463 1799 2499 accensorum;
1834 2446 2061 2491 fiandrice
2084 2445 2145 2500 κέ]

101 2520 341 2565 ontstaken
360 2535 437 2565 een
463 2520 708 2564 houtvzour.
729 2519 1054 2563 RaricmssAN‘r
1077 2532 1160 2563 Nos
1182 2533 1338 2564 OMNES
1357 2540 1364 2565 :
1384 2526 1702 2576 προσελαβοντο,
1722 2533 1803 2563 nos
1824 2518 1914 2562 sibi
1940 2530 2143 2571 assump-

102 2594 274 2644 serunt,
299 2591 391 2635 sibi
414 2590 756 2647 adjunxerunt,
780 2590 827 2633 in
855 2590 1153 2634 domicilium
1179 2605 1320 2634 suum
1344 2598 1646 2647 receperunt.
1675 2589 1822 2645 Ergo,
1845 2589 1894 2631 in
1919 2601 2141 2643 magnam

104 2662 316 2718 aliquam
350 2662 564 2713 domum,
599 2662 666 2705 ibi
700 2661 824 2705 forte
855 2660 1061 2712 obviam,
1095 2660 1229 2705 ducti
1260 2660 1459 2706 Fuerunt
1491 2660 1574 2705 isti
1606 2660 1691 2704 276
1724 2658 1962 2714 naufragi,
1983 2657 2144 2713 ibique

104 2731 271 2776 siccati
293 2746 347 2775 ac
369 2732 584 2776 calefacti
608 2735 723 2775 sunt
755 2745 840 2787 per
872 2730 1036 2786 ignem
1070 2745 1125 2774 ex
1156 2731 1374 2775 accensis
1399 2731 1559 2787 lignis.
1584 2753 1638 2760 —
1669 2730 1881 2772 PROPTER
1904 2738 2142 2770 IMBRrJM...

104 2800 208 2845 haec
234 2800 388 2858 junge
421 2815 531 2845 cum
565 2815 756 2844 accensa
785 2814 906 2856 pyra
934 2812 945 2843 :
969 2799 1191 2856 quaedam
1226 2801 1352 2843 enim
1385 2799 1644 2844 verborum
1679 2795 1896 2853 trajectio
1928 2800 2014 2838 est.
2051 2794 2144 2849 QUI

104 2885 374 2917 IMMINEBAT
395 2893 404 2918 :
422 2892 491 2917 τον
515 2883 727 2927 εφεστωτα
752 2874 970 2928 (propter
990 2871 1214 2927 imbrem)
1242 2871 1518 2924 adstantem,
1541 2874 1843 2927 praesentem,
1869 2872 2146 2913 constanter

105 2942 356 2988 cadentem
379 2953 391 2983 τ
416 2944 644 2988 flandrice
666 2957 738 2986 om
759 2943 846 2986 den
873 2941 1242 2986 aanhoudenden
1264 2956 1412 2999 reyen.

167 3014 206 3057 3.
232 3013 419 3058 PAULUs
442 3014 651 3059 indolem
686 3028 837 3066 suam,
862 3026 1034 3067 nempe
1066 3011 1356 3057 indefessam
1388 3012 1703 3061 alacritatem,
1726 3008 2077 3053 humanitatem
2100 3011 2148 3050 et

107 3083 451 3136 humilitatem,
473 3083 670 3140 egregie
691 3081 922 3127 ostendit.
946 3080 1155 3133 VIPERA,
1180 3094 1286 3138 quae
1309 3081 1437 3126 inter
1466 3082 1547 3125 illa
1580 3084 1825 3125 sarmenta
1847 3077 2028 3132 frigore
2052 3080 2148 3119 tor-

107 3152 264 3209 pebat.
293 3151 403 3205 Sed,
423 3153 580 3206 aiunt,
601 3152 784 3209 viperee
811 3164 1067 3196 venenosae
1107 3165 1203 3194 non
1241 3155 1356 3195 sunt
1393 3150 1653 3195 hodiedum
1692 3149 1743 3191 in
1783 3146 1943 3190 insula
1967 3144 2148 3188 Melita.

108 3220 254 3279 Resp.
274 3221 434 3267 Facile
454 3222 559 3266 fieri
583 3222 742 3279 potuit
767 3226 820 3264 ut
846 3226 956 3276 post
979 3220 1116 3263 Pauli
1141 3224 1359 3276 tempora
1381 3218 1550 3262 deletae
1573 3217 1770 3267 fuerint,
1789 3230 1896 3259 cum
1918 3227 2149 3258 numerus

30 3320 36 3323 -
108 3292 376 3339 incolarum
399 3294 610 3339 increvit
633 3293 862 3349 silvaeque
886 3298 1036 3336 erutae
1061 3296 1175 3335 sunt
1199 3309 1208 3334 :
1236 3305 1303 3334 ex.
1329 3304 1366 3335 c.
1397 3289 1590 3346 quaudo
1630 3287 1816 3345 equites
1852 3284 2150 3330 celeberrimi

109 3363 161 3411 S.
197 3365 400 3410 Joannis
436 3365 570 3417 dicti,
607 3364 815 3408 insulam
855 3366 1168 3418 occuparunt.
1207 3361 1431 3404 INVASIT:
1465 3366 1625 3415 καθηψε
1663 3377 1733 3411 της
1769 3375 1914 3413 χειρος,
1958 3355 2152 3412 proprie

111 3434 309 3482 adhaesit
339 3436 437 3493 ejus
467 3435 635 3480 manui
655 3454 669 3479 .·
696 3440 826 3478 certe
860 3448 963 3477 eam
995 3431 1205 3477 ‘mordens
1236 3431 1441 3475 adhaesit
1474 3431 1538 3483 ei3
1573 3431 1614 3474 si
1647 3429 1775 3473 enim
1808 3429 1932 3473 circa
1953 3441 2151 3473 manum

113 3509 307 3552 tantum
338 3520 392 3551 se
421 3505 672 3558 volvisset,
692 3503 862 3549 incolae
889 3517 986 3548 non
1014 3507 1374 3558 exspectassent
1399 3501 1463 3555 (v.
1488 3499 1534 3556 6)
1563 3498 1693 3545 Pauli
1726 3512 1900 3555 corpus
1922 3498 2150 3542 intumes-

113 3577 318 3623 cendum
341 3591 463 3622 esse.
736 3576 739 3578 ’
