2430 4030
257 309 326 360 50
823 321 984 358 AcTus
1023 322 1420 370 APcs'rOLORUM,
1464 308 1541 371 II,
1589 309 1735 360 1-13.

401 510 428 578 ξ
475 510 523 560 2.
566 509 811 561 Eeclesioe
825 509 1110 578 ιᾒιηείαἰέίο,
1139 511 1348 580 ejusque
1368 512 1555 580 prima
1577 510 1920 581 p7·0pa9atio,
1952 525 2063 563 CAP.
2106 526 2162 561 11.

757 657 794 699 Ι.
840 657 1113 701 DESCENSUS
1149 657 1371 702 SPIRITUS
1404 672 1581 711 SANCTI,
1614 672 1656 703 v.
1691 659 1807 703 1-13.

329 788 722 841 Summarium.
780 790 881 841 Die
939 791 1293 843 pentecostes
1352 792 1594 860 Spiritus
1650 798 1871 844 sanctus
1925 793 1977 841 in
2034 790 2311 859 apostolos

253 871 499 939 aliosque
530 870 828 940 discipulos
860 891 1061 941 magno
1109 891 1230 924 cum
1278 875 1461 925 sonitu
1504 875 1606 925 sub
1637 874 1817 942 specie
1845 874 1993 941 ignis
2023 873 2311 925 descendit

259 953 397 1021 (1-4)
430 975 439 1005 :
490 954 584 1005 illo
615 956 874 1007 commoti
903 958 1156 1024 strepitu,
1202 957 1385 1009 Judaei
1416 958 1686 1009 variarum
1717 958 2026 1025 regionum,
2059 957 2151 1025 qui
2182 963 2312 1007 tunc

255 1037 618 1106 Jerosolymis
665 1046 840 1102 erant,
886 1048 1202 1104 accurrunt,
1253 1047 1306 1091 et
1351 1041 1759 1110 obstupescunt
1802 1059 1864 1092 eo
1907 1041 2055 1110 quod
2083 1041 2312 1092 audiant

255 1121 533 1188 apostolos
576 1122 740 1172 variis
784 1123 990 1191 linguis
1032 1141 1130 1191 per
1175 1123 1495 1175 miraculum
1526 1126 1815 1193 loquentes
1851 1123 2049 1191 (5-12).
2080 1123 2312 1189 Quidam

256 1209 437 1254 tamen
470 1204 606 1255 illud
636 1205 871 1257 irrident
899 1207 1217 1275 prodigium
1255 1207 1389 1274 (13).

332 1292 364 1327 ³¹<
406 1288 479 1339 Et
507 1306 628 1339 cum
658 1291 1065 1358 complerentur
1110 1291 1226 1343 dies
1277 1292 1652 1355 PentecosteS,
1697 1296 1853 1343 erant
1893 1294 2080 1343 omnes
2112 1291 2316 1359 pariter

321 1516 360 1558 1.
389 1515 498 1558 CUM
526 1528 901 1560 COMPLERENTUR
922 1529 1028 1560 mss
1053 1536 1061 1560 :
1087 1531 1243 1573 graece
1271 1518 1319 1560 in
1347 1517 1579 1573 singulari
1605 1532 1708 1560 cum
1734 1517 2035 1574 compleretur
2066 1517 2178 1568 dies,
2202 1516 2231 1559 i.
2257 1531 2314 1568 e.,

260 1597 344 1640 per
369 1584 715 1638 hebraismum,
749 1602 850 1630 cum
885 1586 1106 1630 adesset
1141 1587 1237 1630 dies
1273 1587 1555 1631 Pentecostes
1591 1588 1817 1642 (similem
1852 1587 2177 1630 hebraismum
2206 1586 2316 1630 vide

261 1652 376 1696 Luc.
415 1654 451 1705 1,
487 1655 567 1707 573
604 1655 673 1706 II,
708 1656 787 1709 21;
827 1656 917 1707 IX,
954 1656 1044 1707 51).
1072 1656 1314 1699 Pluralem
1337 1665 1500 1701 autem
1529 1671 1785 1700 numerum
1811 1656 2093 1700 adhibuisse
2121 1656 2316 1700 videtur

260 1722 475 1780 Vulgata
510 1732 563 1767 ut
595 1724 772 1768 falsum
808 1731 1104 1782 praecaveret
1129 1740 1327 1770 sensum
1367 1727 1534 1771 illum:
1570 1742 1678 1770 cum
1712 1727 1814 1770 dies
1854 1727 2160 1770 pentecostes
2185 1731 2316 1769 esset

260 1796 625 1852 praeterlapsus.
670 1796 781 1840 Dies
824 1798 904 1841 ille
945 1798 1235 1853 intelligitur
1271 1798 1705 1855 quinquagesimus
1746 1797 2037 1852 (πεντηκοστη)
2073 1802 2182 1854 post
2221 1797 2315 1853 pri-

261 1881 393 1910 mum
440 1867 692 1924 Paschatis
740 1868 881 1919 diem,
927 1874 1275 1931 connumeratg)
1323 1884 1496 1925 nempe
1553 1869 1630 1912 die
1682 1869 1895 1913 secundo
1945 1867 2215 1920 Paschatis,
2261 1873 2315 1912 ut

260 1942 450 1980 constat
491 1929 732 1997 ei'Deutf
774 1937 914 1990 XVI,
954 1939 979 1981 9
1021 1951 1140 1994 sqq„
1182 1943 1230 1981 et
1273 1938 1428 1982 Levit.
1472 1938 1670 1989 XXIII,
1717 1940 1770 1982 15
1807 1953 1912 1996 sqq.
2216 1930 2219 1933 ’

323 2009 607 2055 Pentecoste
640 2015 803 2054 autem
830 2012 974 2055 istius
999 2011 1114 2054 anni
1142 2010 1335 2055 videtur
1368 2011 1599 2055 incidisse
1624 2013 1674 2055 in
1699 2012 1826 2055 diem
1852 2011 2164 2063 dominicum,
2188 2010 2317 2068 quod

263 2085 508 2126 testantur
543 2097 607 2126 ss.
647 2082 813 2126 Patres
851 2102 859 2126 :
892 2097 1041 2139 quare
1075 2082 1352 2139 ponendum
1387 2089 1461 2128 est
1494 2098 1521 2126 a
1553 2083 1740 2128 Judaeis
1774 2083 2200 2140 Jerosolymitanis
2234 2083 2317 2127 illo

262 2165 389 2194 anno
442 2152 622 2195 Pascha
668 2152 964 2196 celebratum
1019 2153 1167 2196 fuisse
1215 2152 1290 2196 die
1335 2153 1539 2206 sabbati,
1597 2153 1833 2209 postridie
1887 2167 2032 2210 quam
2091 2153 2316 2197 Christus

266 2221 460 2265 fecisset
496 2221 591 2274 (hic
625 2222 752 2265 enim
787 2237 969 2278 agnum
1007 2222 1285 2265 Paschalem
1319 2223 1632 2268 manducavit
1660 2224 1709 2266 in
1738 2224 1908 2279 primis
1937 2223 2152 2280 vesperis
2186 2222 2317 2266 feriae

262 2293 374 2346 VI).
401 2294 704 2350 Interpretes
734 2309 858 2347 vero,
885 2295 967 2352 qui
995 2299 1170 2351 putant
1203 2294 1402 2339 Judaeos
1439 2295 1606 2339 eodem
1641 2295 1716 2339 die
1751 2295 1891 2350 (feria
1926 2293 2018 2346 VI)
2055 2309 2150 2351 quo
2183 2294 2319 2339 Chri-

261 2369 397 2407 stum
423 2363 689 2407 celebrasse
718 2363 918 2415 Pascha,
944 2364 1201 2407 admittere
1224 2363 1402 2407 debent
1445 2365 1760 2409 Pentecosten
1794 2364 1925 2407 illius
1962 2364 2077 2408 anni
2110 2363 2160 2407 in
2194 2363 2321 2407 diem

263 2432 451 2477 sabbati
487 2433 741 2487 incidisse3
778 2434 872 2477 nisi
906 2434 1196 2477 sententiam
1231 2440 1505 2490 sequantur
1543 2434 1796 2478 Schusteri
1836 2432 2048 2485 (Handb.
2081 2433 2159 2478 der
2194 2432 2318 2477 Bibl.

266 2501 462 2555 Gesch.),
502 2504 584 2559 qui
625 2504 875 2547 contendit
912 2503 1006 2547 isto
1045 2517 1184 2553 anno,
1226 2517 1335 2546 cum
1376 2503 1420 2545 ‘2³
1467 2504 1711 2547 Paschatis
1746 2504 1848 2547 dies
1883 2503 2138 2547 sabbatum
2178 2507 2320 2555 esset,

262 2571 409 2616 falces
447 2572 500 2616 in
540 2577 731 2628 segetes
767 2573 940 2617 missas
976 2572 1127 2616 fuisse
1160 2572 1236 2616 die
1269 2573 1494 2630 sequenti
1531 2573 1606 2626 (17
1642 2571 1820 2624 Nisan)
1866 2578 2064 2629 propter
2102 2572 2319 2629 requiem

264 2641 479 2695 sabbati3
523 2643 737 2700 adeoque
778 2644 832 2687 50
878 2643 981 2687 dies
1029 2649 1310 2687 numeratos
1355 2644 1507 2687 fuisse
1552 2658 1579 2687 a
1622 2643 1700 2687 die
1748 2643 1803 2688 17
1849 2642 2021 2695 Nisan,
2044 2642 2074 2686 i.
2111 2656 2151 2686 e.
2186 2657 2212 2685 a
2245 2641 2321 2686 die

263 2711 520 2765 dominico,
554 2726 651 2756 non
684 2721 861 2764 autem,
897 2718 949 2756 ut
980 2713 1086 2756 aliis
1119 2713 1257 2756 annis
1281 2712 1450 2764 fiebat,
1483 2728 1509 2757 a
1545 2713 1599 2756 16
1633 2712 1808 2765 Nisan,
1839 2713 1868 2756 i.
1896 2727 1933 2756 e.
1960 2727 1987 2756 a
2012 2712 2090 2756 die
2115 2711 2318 2756 sabbati.

265 2782 310 2826 A
342 2782 523 2839 Lapide
559 2798 671 2828 vero
704 2784 948 2840 opinatur,
978 2784 1309 2834 Pentecosten,
1342 2784 1392 2826 in
1426 2797 1522 2840 qua
1561 2783 1814 2829 descendit
1851 2783 2067 2840 Spiritus
2102 2787 2319 2836 sanctus,

263 2851 414 2896 fuisse
436 2852 561 2896 diem
581 2853 1037 2910 quinquagesimum
1057 2863 1166 2910 post
1188 2853 1565 2897 resmreetionem
1593 2852 1795 2906 0h0·isti;
1814 2853 1932 2898 adeo
1959 2857 2028 2905 ut,
2055 2851 2319 2896 secundum

266 2922 551 2977 scriptorem
590 2925 754 2974 istum,
797 2937 1029 2979 magnum
1068 2921 1351 2965 Judaeorum
1389 2921 1568 2966 festum
1607 2921 1735 2980 quod
1778 2922 2184 2979 quinquagesimo
2220 2922 2322 2976 post

267 2989 452 3034 Pascha
477 2991 553 3035 die
578 2991 876 3044 occurrebat,
898 3007 925 3035 a
950 2991 1078 3035 Luca
1109 2991 1187 3034 hic
1220 3003 1316 3035 non
1349 2990 1640 3048 designetur
1668 3012 1679 3036 .-
1702 3006 1809 3048 quae
1850 2989 2045 3048 quidem
2081 2989 2324 3035 sententia

269 3060 464 3105 minime
502 3062 766 3117 probabilis
810 3067 898 3107 est.
958 3061 1164 3118 Oportet
1201 3061 1329 3104 enim
1372 3067 1440 3114 ut,
1482 3075 1592 3105 curn
1627 3062 1856 3107 omnibus
1897 3063 1995 3107 fere
2027 3060 2323 3111 auctoribus,

267 3144 430 3175 vocem
487 3131 781 3176 Pentecosten
844 3131 1178 3189 intelligamus
1239 3146 1383 3176 sensu
1439 3137 1672 3176 consueto
1727 3138 1775 3177 et
1837 3131 2209 3188 scripturistico,
2264 3129 2324 3174 de

268 3201 472 3246 solemni
513 3202 594 3246 illo
638 3203 715 3246 die
756 3203 880 3248 festo
925 3203 1008 3260 qui
1052 3203 1236 3247 Judaeis
1283 3203 1390 3259 lege
1435 3203 1766 3259 praescriptus
1811 3203 1908 3247 fuit
1955 3202 2006 3246 in
2049 3200 2320 3258 gratiarum

269 3272 505 3315 actionem
546 3287 631 3328 pro
672 3281 864 3329 peracta
895 3287 1066 3326 messe,
1101 3279 1162 3324 et,
1202 3277 1253 3317 ut
1288 3273 1495 3325 videtur,
1529 3273 1677 3317 etiam
1713 3273 1763 3318 in
1798 3271 2080 3317 memoriam
2115 3270 2238 3328 legis
2271 3269 2323 3314 in

270 3346 435 3384 monte
470 3339 605 3385 Sinai
639 3342 764 3386 datae
799 3361 808 3386 ε
842 3343 900 3387 cf.
938 3343 1081 3387 Deut.
1118 3343 1147 3386 1.
1181 3357 1223 3387 c.

326 3410 514 3456 Notum
548 3418 621 3457 est
654 3414 747 3458 tria
778 3413 927 3458 fuisse
960 3414 1083 3459 festa
1116 3406 1298 3471 majora
1331 3413 1623 3468 (Paschatis,
1649 3413 1985 3464 PentecosteS,
2008 3416 2056 3457 et
2081 3410 2322 3456 Taberna-

269 3479 526 3534 culorum),
551 3481 600 3525 in
625 3483 802 3539 quibus
829 3499 994 3530 omnes
1019 3485 1051 3530 J
1055 3485 1180 3530 udaei
1202 3483 1403 3528 masculi
1428 3488 1476 3528 ct
1500 3483 1655 3528 adulti
1681 3483 1731 3528 in
1765 3483 2020 3528 Palaestina
2045 3480 2324 3526 habitantes

270 3550 319 3595 vi
342 3551 462 3607 legis
486 3553 776 3599 tenebantur
799 3555 967 3609 (Exod.
993 3556 1190 3608 XXIII,
1215 3555 1367 3609 14-17)
1394 3553 1781 3599 'sabernaculum
1807 3554 1885 3600 vel
1909 3551 2166 3609 Templum
2186 3548 2326 3594 adire

274 3622 522 3678 (apparere
552 3638 704 3670 coram
735 3627 936 3672 Domino
968 3628 1078 3679 Deo,
1111 3628 1180 3674 ait
1214 3626 1352 3682 Lex),
1385 3632 1441 3673 ut
1474 3640 1678 3672 munera
1709 3630 1759 3672 et
1790 3622 2026 3671 sacrificia
2057 3619 2323 3671 offex-reum
