2430 4030
433 296 629 334 smnus
666 295 729 330 ΕΤ
769 295 1037 333 BARNABAS
1077 297 1490 336 CONSECRANTUR
1530 302 1781 342 nmsoom.
2023 294 2125 348 147

3 491 39 594 ζ,
63 492 480 578 collactaneus,
530 521 585 566 et
617 514 830 566 Saulus.
861 517 893 554 ²¹<
924 514 1373 569 Ministiantibus
1415 523 1597 570 autem
1637 520 1745 572 illis
1784 523 2036 590 Domino,
2069 532 2126 579 et
2149 532 2175 568 2

16 600 483 683 ῗ;-···’,]θ]”ιηιειῑιί;ἱὶ)ιιε,
513 598 655 650 dixit
682 597 790 648 illis
820 596 1059 666 Spiritus
1088 604 1345 652 sanctus:
1396 599 1702 669 Segregate
1734 604 1867 656 mihi
1898 606 2123 660 Saulum

35 669 150 742 ἦρι,
175 681 542 745 Barnabam,
530 700 583 732 1n
629 698 785 749 opus,
825 680 892 731 ad
922 679 1067 749 quod
1102 683 1372 750 assumpsi
1401 700 1515 735 eos.
1554 688 1586 724 ³¹<
1623 685 1772 739 Tunc
1794 688 2174 757 jejunanteS,3

26 788 70 823 «,
78 771 148 821 et
171 773 404 828 orantes,
433 765 889 832 imponentesque
918 763 995 813 eis
1026 781 1233 826 manue,
1265 763 1597 817 dimiserunt
1627 767 1770 821 illos.

15 842 19 843 ⁷
164 853 197 891 *
224 848 296 901 Et,
334 848 439 917 ipsi
483 845 706 916 quidem
751 844 901 896 missi
929 863 959 895 a
1001 843 1212 913 Spiritu
1257 852 1445 900 sancto
1484 848 1739 902 abierunt
1785 851 2120 908 Seleuciam:
2147 865 2174 903 4

149 1069 189 1114 2.
212 1067 640 1118 Mmmrmmmns,
665 1072 1000 1120 λειτουργουντων
1023 1082 1032 1116 ;
1068 1079 1174 1122 quae
1199 1080 1289 1110 vox
1312 1066 1500 1112 derivat
1521 1083 1548 1112 a
1567 1074 1694 1114 λειτος
1716 1070 1930 1128 publicus
1958 1073 2120 1131 (idque

62 1140 64 1142 ’
92 1144 230 1185 αλαος
250 1151 334 1182 seu
355 1144 454 1181 λεως
483 1134 727 1194 populus),
761 1142 808 1179 et
841 1153 955 1190 εργον
988 1149 1132 1192 ορῑιες
1167 1138 1214 1178 et
1248 1135 1489 1191 significat
1522 1140 1712 1194 proprie
1742 1141 1979 1196 publicum
2010 1157 2123 1199 opus

81 1209 248 1267 facere,
271 1206 380 1251 inde
402 1205 641 1263 publicum
674 1219 844 1249 munus
876 1203 1013 1247 obire.
1050 1204 1142 1247 Hic
1174 1218 1302 1257 verO,
1325 1219 1434 1249 cum
1457 1206 1663 1251 addatur
1686 1208 1900 1262 Domino,
1922 1211 2122 1256 verbum

92 1276 374 1326 sumendum
407 1282 482 1322 est
513 1276 571 1320 de
604 1274 874 1320 ministerio
911 1274 1070 1330 aliquo
1109 1274 1298 1329 publico
1336 1275 1462 1320 circa
1500 1276 1588 1321 Dei
1624 1278 1808 1322 cultum
1841 1298 1850 1323 :
1885 1285 1932 1324 et
1964 1285 2123 1336 potest

34 1362 37 1363 ⁷
91 1346 291 1404 intelligi
313 1346 371 1390 de
391 1346 613 1391 omnibus
637 1343 908 1389 actionibus
936 1343 1138 1399 publicis
1166 1358 1271 1400 quae
1296 1344 1356 1388 ad
1381 1344 1509 1388 hunc
1543 1346 1725 1390 cultum
1750 1353 1986 1405 spectant,
2010 1364 2120 1406 qua-

47 1466 50 1467 ⁷
91 1416 158 1462 les
180 1422 294 1461 sunt
319 1414 702 1472 praedicationes,
731 1412 966 1458 sacrificia
1002 1413 1078 1467 (de
1113 1413 1359 1457 sacrificiis
1393 1415 1572 1459 veteris
1603 1416 1746 1472 Legis
1770 1417 1895 1461 idem
1922 1419 2122 1463 verbum

43 1490 73 1542 „f
89 1485 342 1531 adhibetur
375 1484 522 1528 Hebr.
557 1483 618 1534 X,
663 1482 753 1537 11),
791 1497 956 1538 preces
1000 1483 1239 1540 liturgicae
1273 1489 1360 1528 etc.
1395 1484 1535 1528 Inter
1566 1486 1776 1530 actiones
1812 1487 1916 1531 illas
1949 1503 2122 1542 sacras,

67 1548 228 1612 'longe
258 1553 512 1612 praecipua,
548 1551 638 1596 sub
670 1566 794 1596 nova
830 1551 974 1609 Lege,
1008 1561 1080 1596 est
1116 1560 1432 1597 sacrosanctae
1467 1553 1632 1598 Missae
1673 1555 1942 1607 celebratio,
1977 1571 2118 1614 quam

21 1616 243 1671 ''TGraeei
269 1640 352 1683 per
377 1638 550 1670 nomen
577 1623 807 1679 Liturqice
840 1624 1134 1680 exprimunt.
1169 1623 1340 1681 Itaque
1374 1624 1661 1668 sacrificium
1696 1626 1875 1678 Missae,
1903 1629 2120 1684 quamvis

90 1710 184 1742 non
209 1696 346 1753 plane
367 1695 444 1739 hic
465 1694 815 1744 demonstretur,
850 1702 1011 1738 tamen
1042 1693 1264 1738 innuitur
1278 1712 1294 1746 ;
1330 1694 1435 1738 ideo
1468 1696 1739 1751 praesertim
1765 1697 1892 1754 quod
1917 1698 2122 1742 addatur

51 1768 64 1807 ἶ.
90 1769 130 1811 et
141 1764 466 1824 jejunantibus
491 1783 503 1807 :
532 1763 712 1821 quippe
738 1777 886 1821 quum
904 1762 1143 1819 jejunium
1169 1777 1196 1806 a
1219 1763 1566 1815 sacerdotibus,
1590 1768 1701 1809 ante
1726 1764 1888 1809 Missae
1918 1766 2120 1811 celebra-

42 1843 58 1890 ζ
90 1835 281 1888 tionem,
306 1850 401 1880 non
424 1848 538 1880 vero
561 1840 672 1878 ante
694 1832 1100 1890 praedicationem,
1127 1838 1357 1889 perpetuo
1383 1834 1560 1878 soleret
1586 1834 1846 1879 observari.

65 1940 70 1948 .
148 1903 442 1955 SEGREGATE,
478 1903 671 1948 videtur
717 1903 894 1947 referre
937 1901 1214 1946 hebraicum
1261 1917 1478 1959 separare
1520 1918 1606 1959 pro
1649 1919 1922 1957 consecrare,
1964 1921 2007 1950 v.
2046 1921 2120 1962 gr.

71 1971 232 2019 -Num.
252 1973 343 2027 VI,
366 1975 406 2018 5.
430 1972 604 2030 Itaque
630 1986 800 2016 sensus
825 1972 916 2015 erit
943 1990 951 2015 :
979 1971 1247 2017 Oonsecrate
1279 1985 1391 2016 MlHI
1426 1973 1623 2017 SAULUM
1655 1987 1711 2017 Er
1746 1975 2027 2028 BARNABAM,
2054 1991 2119 2022 sc.

54 2076 63 2082 -
88 2057 172 2102 per
193 2045 570 2090 sacramentalem
593 2058 823 2088 manuum
850 2043 1207 2099 impositionem
1233 2048 1280 2088 et
1303 2044 1622 2101 episcopalem
1659 2044 2038 2099 Ordinationem,
2070 2061 2121 2092 IN

87 2125 196 2160 orus
215 2127 275 2159 AD
295 2127 418 2170 QUOD
441 2119 547 2168 etc„
571 2119 626 2159 ut
651 2114 789 2171 fungi
816 2114 1006 2170 possint
1030 2114 1315 2165 ministerio,
1336 2113 1395 2157 ad
1416 2115 1543 2170 quod
1566 2129 1645 2160 eos
1665 2115 1782 2159 mihi
1808 2116 1928 2173 elegi
1954 2116 2087 2172 (mihi
2105 2136 2118 2161 .-

43 2198 196 2231 nam
226 2185 429 2231 verbum
472 2198 686 2242 graecnm
719 2189 793 2228 est
825 2184 875 2227 in
907 2184 1059 2228 forma
1088 2184 1286 2239 perfecti
1320 2186 1517 2240 passivi,
1561 2185 1646 2229 sed
1686 2186 1830 2230 habet
1876 2187 2119 2231 notionem

51 2246 319 2310 2;·‘mediam),
345 2270 517 2312 nempe
541 2255 600 2298 ad
625 2254 953 2299 ministerium
981 2253 1272 2310 praedicandi
1307 2254 1628 2310 Evangelium
1661 2255 1788 2300 inter
1820 2258 2040 2312 gentiles.
2065 2282 2120 2290 --

93 2322 411 2370 Personalitas
439 2332 486 2371 et
509 2327 741 2372 divinitas
767 2324 983 2380 Spiritus
1006 2323 1159 2368 sancti
1183 2339 1237 2367 ex
1265 2324 1353 2368 hoc
1375 2325 1477 2369 loco
1502 2326 1862 2370 confirmantur.

144 2394 185 2438 3.
210 2394 558 2442 IMPONENTES...
590 2409 663 2440 ms
695 2408 868 2439 MANUS.
902 2394 971 2439 Ut
1004 2394 1144 2438 modo
1166 2394 1390 2446 diximus,
1416 2395 1752 2451 intelligimus,
1778 2411 1873 2440 non
1899 2397 2117 2452 depreca-

55 2464 257 2528 ptoriam
283 2465 490 2523 aliquam
527 2481 758 2510 manuum
792 2464 1163 2522 impositionem,
1198 2464 1281 2508 sed
1314 2465 1699 2517 consecratricem,
1726 2480 1819 2522 qua
1845 2465 2119 2510 Sacramen-

55 2535 190 2587 'Ztum
229 2532 424 2578 Ordinis
466 2535 749 2592 episcopalis
790 2534 1017 2579 collatum
1050 2533 1157 2577 fuit.
1201 2533 1317 2578 Haec
1355 2540 1430 2577 est
1472 2535 1715 2579 sententia
1755 2550 1818 2579 ss.
1860 2535 2034 2592 Chrys.
2071 2541 2119 2579 et

57 2595 258 2652 ’,Leonis
299 2604 380 2656 Μ.,
423 2620 623 2664 eamque
667 2605 889 2651 catholici
928 2605 1026 2648 fere
1063 2618 1227 2648 omnes
1272 2605 1650 2661 amplectuntur.
1698 2604 1897 2656 Deinde,
1941 2611 2120 2662 praeter

55 2668 258 2725 J<‘Matth.
279 2673 418 2726 XIX,
445 2675 514 2727 13,
542 2690 799 2733 nusquam,
826 2676 875 2718 in
901 2679 1004 2719 toto
1028 2688 1154 2718 novo
1188 2673 1514 2725 Testamento,
1548 2674 1858 2730 reperiuntur
1891 2689 2118 2718 manuum

60 2748 71 2798 J
89 2737 413 2797 impositiones
437 2758 545 2801 quae
570 2743 895 2802 deprecatoriae
914 2748 1103 2788 tantum
1133 2743 1252 2794 sint3
1280 2742 1363 2786 sed
1385 2743 1509 2786 ritus
1536 2743 1615 2786 ille
1638 2756 1826 2799 semper
1847 2742 2118 2794 adhibetur,

54 2810 161 2855 ave}
186 2811 245 2856 ad
268 2813 533 2857 sanandum
557 2819 606 2858 et
627 2829 654 2858 a
678 2822 832 2858 morte
859 2812 1163 2858 excitandum
1190 2812 1383 2866 (Matth.
1420 2811 1509 2863 IX,
1544 2813 1627 2864 18;
1663 2811 1755 2856 Mc.
1790 2812 1858 2863 16,
1894 2811 1949 2855 18
1982 2826 2118 2867 super

54 2888 228 2938 s-oeqros
247 2897 415 2928 manus
435 2884 688 2942 imponent)
699 2903 715 2936 ;
734 2885 810 2930 vel
833 2885 893 2928 ad
916 2883 1217 2933 sacrandum,
1237 2897 1280 2926 v.
1300 2898 1374 2939 gr.
1394 2884 1498 2926 Act.
1520 2882 1606 2934 VI,
1627 2884 1666 2934 6,
1686 2883 1743 2926 de
1759 2883 2117 2927 consecratione

67 2946 426 3006 5‘Diaconorum;
452 2953 558 2998 Act.
586 2953 735 3005 VIII,
761 2954 815 2999 17
825 2971 840 3005 ,·
868 2953 1006 3004 XIX,
1034 2952 1078 3004 6;
1111 2951 1256 2995 Hebr.
1282 2951 1369 3003 VI,
1398 2951 1438 3003 2,
1461 2951 1519 2995 de
1547 2950 1677 2995 Sacr.
1704 2951 2116 3003 Confirmationis3

3 3040 6 3042 ’
37 3017 115 3069 “1⁵⁵1
145 3018 265 3065 Tim.
299 3022 388 3076 IV,
420 3025 499 3077 143
530 3023 592 3077 V,
625 3025 709 3076 223
746 3026 772 3068 2
803 3023 924 3067 Tim.
957 3022 996 3074 I,
1032 3022 1071 3074 6,
1105 3021 1163 3065 de
1200 3021 1557 3065 consecratione
1596 3021 1867 3077 episcopali.
1905 3020 2115 3064 Tandem

201 3097 417 3148 nguntur
440 3092 552 3138 hic
532 3092 775 3151 Jejunium
797 3100 846 3138 et
868 3093 1123 3143 orationes,
1149 3096 1202 3135 ut
1237 3091 1362 3135 infra
1394 3090 1533 3143 XIV,
1565 3090 1638 3142 22,
1670 3090 1752 3134 ubi
1787 3089 1844 3134 de
1875 3102 2118 3134 consecra-

7 3087 230 3214 “lffloka
253 3176 336 3206 seu
362 3163 682 3208 Ordinatione
705 3164 897 3221 proprie
924 3163 1066 3214 dicta,
1092 3168 1222 3207 certo
1245 3161 1500 3206 scribitur.

0 3191 116 3302 {55
143 3230 187 3276 4.
210 3229 346 3276 MISSI
367 3246 396 3276 A
420 3231 616 3278 SPIRITU
641 3246 810 3278 smero
835 3238 924 3278 etc.
948 3232 1092 3278 Nunc
1118 3231 1269 3288 igitur
1290 3230 1459 3287 incipit
1494 3244 1668 3286 magna
1690 3230 1770 3273 illa
1800 3228 1930 3274 Pauli
1952 3228 2119 3273 missio

0 3307 12 3334 ἱ
47 3311 134 3387 ,ἔνο
180 3305 350 3359 gentes
387 3302 664 3349 innumeras
704 3319 790 3361 per
826 3308 983 3349 totum
1021 3303 1119 3348 fere
1155 3301 1319 3346 orbem
1357 3299 1629 3344 Romanum
1669 3299 1931 3355 dispersas,
1974 3312 2121 3356 quam

56 3358 311 3430 &hristus
347 3372 441 3428 ipsi
481 3371 810 3418 destinaverat
851 3370 1019 3428 (supra
1053 3370 1139 3421 IX,
1174 3367 1263 3420 15),
1298 3368 1382 3412 sed
1422 3381 1565 3424 quam
1605 3382 1701 3413 non
1739 3367 1984 3413 inchoavit
2025 3365 2122 3410 nisi

0 3447 8 3451 ’
84 3440 339 3499 wtq'uam
371 3457 458 3501 per
490 3441 858 3488 Ordinationem
889 3443 1205 3499 episcopalem
1227 3439 1286 3484 ab
1309 3439 1523 3484 Ecclesia
1556 3439 1771 3516 legitime
1804 3442 2119 3483 consecratus

0 3538 18 3570 ες
42 3497 253 3576 fimat.
290 3511 564 3558 Secundum
605 3512 977 3570 chronologiam,
1016 3525 1158 3569 quam
1195 3509 1532 3569 adoptavimus
1575 3509 1625 3551 in
1664 3507 1843 3552 introd.
1891 3503 1915 3558 ἓ
1961 3507 2030 3558 17,
2074 3503 2122 3547 id

0 3571 18 3654 Ξ
51 3618 54 3621 .
282 3587 358 3628 est
380 3596 506 3628 anno
530 3582 722 3629 circiter
746 3583 819 3628 42.
847 3581 976 3627 Sunt
999 3588 1159 3626 tamen
1180 3581 1264 3637 qui
1292 3593 1397 3623 eam
1422 3578 1609 3624 tardius
1634 3582 1834 3636 ponant,
1861 3592 1901 3622 a.
1929 3577 2003 3619 45.
