2430 4030
277 259 375 309 106
814 274 976 310 Ac'rth
1015 275 1406 324 Aros'roLossnm,
1448 279 1559 316 CAP.
1603 263 1766 316 VIII.

195 413 248 452 58
272 424 368 457 sua
395 423 549 458 secus
576 406 744 475 pedes
773 407 1156 474 adolescentis,
1207 413 1299 481 qui
1349 414 1647 466 vocabatur
1694 416 1910 471 Saulus,
1942 422 1975 459 >¹<
2005 419 2077 470 Et
2104 420 2314 489 lapida-

272 489 403 540 bant
434 488 775 558 Stephanum
804 491 1169 556 invocantem,
1201 500 1257 546 et
1285 495 1591 549 dicentem:
1627 498 1859 552 Domine
1899 501 2055 567 Jesu,
2097 503 2314 573 suscipe

195 575 250 615 59
271 573 525 641 spiritum
567 592 765 626 meum.
812 579 843 615 ³¹<
892 575 1096 628 Positis
1137 584 1320 630 autem
1361 581 1617 646 genibus,
1647 584 1904 637 clamavit
1931 604 2065 638 voce
2094 605 2317 655 magna,

271 655 459 708 dicens
490 677 500 708 :
535 656 785 722 Domine,
815 676 882 710 ne
911 664 1119 711 statuas
1147 660 1257 712 illis
1286 661 1388 713 hoc
1416 671 1720 731 peccatum.
1762 668 1833 719 Et
1862 686 1984 720 cum
2015 669 2117 722 hoc
2145 669 2316 722 dixis-

270 749 371 807 set,
401 743 736 795 obdormivit
753 745 807 795 in
833 745 1082 798 Domino.
1107 746 1302 799 Saulus
1327 754 1510 800 autem
1531 756 1648 803 erat
1667 756 2018 808 consentiens
2036 757 2157 808 neci
2179 757 2314 826 ejuS.

396 928 444 994 ᾧ.
475 927 523 978 8.
557 925 901 978 Samaritani
929 928 999 979 ad
1031 915 1302 981 Christum
1329 937 1723 987 convertuntur.
1756 935 1945 988 Simon
1973 936 2185 1007 MaquS.

1043 1031 1151 1068 CAP.
1186 1016 1350 1081 VIII,
1389 1019 1534 1071 1-25.

343 1162 733 1215 Su-mmarium.
786 1164 1099 1216 Persecutio
1148 1167 1437 1230 excitatur,
1490 1176 1691 1236 agente
1738 1170 1793 1219 in
1849 1171 2043 1238 primis
2094 1170 2259 1222 Saulo
2302 1193 2313 1224 :

267 1245 457 1296 fideles
486 1245 894 1314 disperguntur,
926 1248 1022 1298 sed
1051 1255 1387 1317 propagatur
1426 1250 1789 1318 Evangelium
1826 1252 1993 1319 (1-4).
2029 1253 2316 1322 Philippus

268 1329 526 1380 diaconus
559 1328 945 1392 Samaritanos,
991 1331 1133 1381 inter
1162 1349 1297 1400 quos
1330 1332 1606 1383 Simonem
1641 1352 1882 1401 magum,
1925 1335 2317 1404 praedicatione

265 1418 319 1463 et
350 1412 619 1462 miraculis
659 1412 726 1462 ad
771 1411 1049 1464 Christum
1092 1416 1366 1467 convertit
1401 1416 1599 1483 (5-13).
1637 1417 1736 1467 His
1766 1418 2082 1486 baptizatis,
2118 1419 2315 1471 Petrus

266 1501 321 1546 et
354 1496 596 1547 Joannes
630 1496 1024 1564 Hierosolymis
1056 1500 1285 1549 veniunt
1314 1508 1374 1549 ut
1408 1499 1820 1551 Sacramentum
1866 1501 2315 1554 Confirmationis

265 1582 370 1632 illis
399 1583 682 1633 conferant
715 1583 950 1649 (14-17).
986 1583 1172 1634 Simon
1207 1604 1419 1654 magus,
1452 1588 1618 1654 impio
1649 1587 1849 1638 ductus
1878 1589 2126 1652 consilio,
2158 1594 2315 1658 pote-

267 1670 464 1715 statem
513 1664 678 1715 dandi
729 1664 990 1732 Spiritum
1037 1672 1287 1718 sanctum
1332 1687 1510 1719 emere
1556 1670 1676 1720 vult
1729 1670 1966 1737 (18,19);
2013 1670 2244 1740 ideoque
2285 1689 2315 1720 a

271 1748 433 1798 Petro
462 1748 815 1799 vehementer
848 1750 1141 1817 corripitur
1176 1751 1410 1818 (20-24).
1445 1753 1696 1820 Apostoli
1739 1761 1864 1821 post
1906 1755 2316 1823 evangelizatos

275 1832 643 1884 Samaritanos
674 1831 1110 1901 Hierosolymam
1140 1841 1494 1886 revertuntur
1527 1836 1660 1903 (25).

225 1939 247 1976 1
348 1944 379 1979 ³¹<
408 1940 576 1991 Facta
604 1944 687 1990 est
716 1948 893 1990 autem
927 1941 977 1991 in
1009 1941 1100 1991 illa
1128 1941 1215 1992 die
1244 1944 1552 2010 persecutio
1585 1962 1783 2012 magna
1812 1944 1865 1994 in
1898 1944 2161 2008 Ecclesia,
2194 1963 2316 2015 quae

331 2166 400 2209 58.
428 2164 625 2209 Snsmrss
658 2177 879 2207 srim'rUM
904 2177 1061 2215 MEUM,
1087 2163 1494 2221 quemadmodum
1530 2165 1757 2210 Christus
1783 2166 1851 2210 ait
1874 2185 1882 2210 :
1906 2166 1967 2210 In
2004 2180 2170 2210 manas
2193 2168 2317 2218 tuas,

269 2236 479 2286 Domine,
506 2235 764 2279 commendo
787 2234 1005 2291 spiritum
1030 2248 1192 2277 meum.

329 2307 396 2349 59.
420 2306 497 2350 NE
524 2319 717 2349 STATUAS
750 2317 865 2348 imus
898 2317 988 2349 Hoc
1022 2317 1287 2348 PECCATUM.
1325 2304 1510 2349 Christi
1542 2307 1815 2362 exemplum
1849 2306 1931 2364 qui
1955 2307 2074 2351 dixit
2109 2326 2118 2351 ε
2153 2306 2313 2358 Pater,

269 2378 447 2421 dimitte
479 2378 577 2421 illis
601 2379 616 2420 Ι
655 2391 849 2419 rursum
884 2376 1117 2420 imitatur.
1155 2375 1338 2419 Sensus
1372 2376 1631 2420 verborum
1669 2376 1902 2434 Stephani
1939 2382 2012 2422 est
2046 2397 2055 2422 z
2093 2377 2313 2430 Domine,

270 2447 341 2490 fac
387 2454 440 2490 ut
485 2447 581 2497 isti,
631 2452 875 2502 peccatum
928 2460 1071 2489 suum
1125 2445 1444 2498 detestantes,
1492 2446 1707 2503 ejusdem
1764 2452 2043 2492 mereantur
2098 2450 2314 2505 accipere

271 2515 628 2559 remissionem!
666 2514 871 2558 Sanctus
913 2520 1098 2573 martyr
1138 2514 1325 2559 ultimis
1367 2514 1544 2567 verbis,
1583 2530 1690 2573 quae
1723 2515 1839 2560 dum
1873 2516 2059 2561 viveret
2092 2517 2313 2573 protulit,

269 2586 563 2630 divinitatem
607 2585 783 2631 Christi
819 2585 1049 2642 praeclare
1089 2585 1339 2630 confessus
1379 2589 1466 2636 est,
1499 2590 1671 2642 utpote
1704 2587 1784 2642 qui
1821 2601 1963 2631 suum
1998 2587 2041 2631 ei
2074 2602 2312 2632 commen·

268 2658 455 2702 daverit
495 2658 721 2708 animum,
763 2658 901 2713 eique
941 2661 1231 2712 potestatem
1273 2656 1503 2702 tribuerit
1540 2656 1819 2702 dimittendi
1855 2666 2062 2715 peccata.
2111 2659 2313 2704 Heroica

268 2744 380 2774 sane
404 2729 454 2771 in
482 2728 727 2783 Stephano
759 2728 1062 2784 resplenduit
1094 2727 1302 2771 charitas
1338 2741 1452 2782 erga
1486 2727 1659 2778 Deum,
1693 2743 1882 2773 summa
1913 2744 2024 2774 cum
2057 2728 2312 2774 dilectione

267 2814 379 2855 erga
411 2799 682 2854 proximum
716 2796 1000 2853 conjuncta!
1037 2797 1099 2840 Et
1143 2797 1297 2854 qualis
1336 2798 1429 2840 fuit
1466 2802 1781 2856 protomartyr
1816 2799 1912 2850 ille,
1954 2799 2072 2843 tales
2113 2799 2312 2843 fuerunt

267 2870 503 2912 innumeri
529 2869 607 2911 alii
637 2873 889 2924 martyres.
915 2867 1032 2922 Quis
1061 2883 1156 2910 non
1179 2874 1462 2923 agnosceret
1495 2869 1708 2913 divinam
1743 2884 1848 2913 esse
1882 2869 2182 2926 religionem,
2204 2882 2311 2926 quae

268 2939 545 2995 hujusmodi
571 2953 712 2982 sensa
734 2938 971 2993 inspirat?
993 2962 1046 2969 —-
1065 2938 1136 2980 De
1163 2944 1338 2989 cetero,
1355 2939 1684 2983 efficacissima
1708 2940 1799 2984 fuit
1825 2940 2060 2997 Stephani
2084 2939 2308 2996 precatio;

269 3023 377 3051 nam
404 3009 457 3059 si,
481 3014 537 3051 ut
559 3009 624 3050 ait
650 3023 685 3050 s.
711 3007 853 3062 Aug,
876 3008 980 3062 ipse
1007 3022 1103 3050 non
1128 3013 1328 3058 orasset,
1354 3008 1573 3052 Ecclesia
1603 3009 1800 3053 Paulum
1824 3024 1919 3054 non
1945 3009 2169 3054 haberet.

327 3077 627 3121 OBDORMIV1T
662 3089 711 3120 IN
748 3076 958 3119 Domum.
1010 3076 1164 3132 Quam
1211 3077 1591 3132 pulcherrimum
1636 3078 1872 3122 verbum!
1920 3093 2064 3134 quam
2110 3078 2308 3134 plenum

269 3147 505 3189 suavitate
527 3151 575 3189 et
598 3146 830 3189 veritate!
869 3145 959 3199 Qai
990 3146 1192 3189 moritur
1222 3147 1277 3190 in
1309 3148 1510 3191 Domino
1535 3148 1561 3190 i.
1588 3162 1627 3191 e.
1650 3147 1705 3191 in
1728 3148 1886 3204 qratia
1911 3148 2015 3198 Dei,
2039 3161 2133 3191 non
2166 3149 2310 3191 morte

267 3214 571 3272 opprimitur,
606 3215 689 3257 sed
721 3215 848 3257 dulci
882 3215 1086 3272 quodam
1120 3229 1277 3259 somno
1309 3222 1588 3272 occupatur,
1612 3231 1665 3260 ex
1701 3231 1796 3274 quo
1829 3231 2003 3273 corpus
2027 3216 2087 3261 ad
2112 3216 2308 3260 immor·
2371 3264 2382 3279 l

268 3283 500 3327 talitatem
525 3283 854 3339 emperyz'scetur
889 3285 1016 3337 (Act.
1050 3283 1198 3335 XIII,
1232 3284 1316 3332 39³
1354 3286 1371 3328 l
1411 3285 1519 3329 Gor.
1555 3285 1672 3336 VII,
1707 3285 1786 3337 393
1823 3285 1915 3339 XI,
1951 3285 2039 3340 303
2073 3285 2187 3335 XV,
2214 3284 2304 3340 18).

268 3352 427 3408 Atque
459 3351 570 3394 hinc
596 3359 669 3394 est
691 3351 818 3409 quod
851 3366 939 3396 vox
972 3352 1276 3397 coemeterium
1309 3353 1358 3406 (i.
1392 3368 1432 3397 e.
1466 3353 1812 3408 dormitorium.)
1848 3354 1978 3410 apud
2011 3353 2304 3400 christianos
2370 3353 2373 3356 ”

266 3425 527 3475 usurpetur
550 3434 636 3474 pro
658 3419 758 3464 loco
782 3421 1057 3476 sepulturae,
1083 3436 1227 3479 quem
1254 3422 1433 3467 ethnici
1456 3429 1690 3478 νεκροπολιν
1718 3431 1905 3468 vocant.

325 3489 367 3531 1.
401 3487 457 3531 IN
487 3500 591 3531 ILLA
624 3501 719 3538 Dm,
754 3489 878 3532 valet
909 3490 1084 3540 statim,
1122 3490 1273 3534 eodem
1307 3491 1396 3542 die,
1438 3492 1556 3536 dum
1597 3491 1731 3536 furor
1772 3493 1937 3549 populi
1969 3507 2024 3537 ac
2059 3492 2302 3537 tumultus

266 3564 394 3604 esset
433 3559 548 3604 adeo
584 3559 845 3612 excitatus;
885 3561 1085 3619 ideoque
1118 3562 1296 3607 locutio
1329 3563 1423 3608 ista
1455 3578 1552 3608 uon
1585 3564 1802 3609 eamdem
1835 3564 1981 3610 habet
2026 3565 2122 3610 vim
2155 3578 2212 3609 ac
2242 3564 2298 3608 in
2373 3559 2402 3626 Ἀ
