2430 4030
32 3823 98 3904 ἐς

539 389 775 424 SECUNDA
813 391 1086 427 ADVERSUS
1126 393 1411 430 APOS'I'OLOS
1453 398 1783 435 PERSECUTIO.
2110 389 2174 439 87

153 517 274 581 stis,
304 517 706 588 suspendentes
732 522 785 571 in
818 522 986 589 ligno.
1014 528 1046 564 >¹<
1070 524 1230 575 Hunc
1257 523 1581 594 principem}
1601 534 1655 579 et
1683 531 2001 582 salvatorem
2034 533 2174 584 Deus
2197 544 2248 581 31

153 601 418 651 exaltavit
447 600 673 652 dextera
701 621 797 653 sua
823 605 892 654 ad
920 605 1153 656 dandam
1182 608 1558 674 poenitentiam
1591 611 1797 674 Israeli,
1826 618 1880 662 et
1906 614 2172 665 remissio-

151 699 276 732 nem
321 687 687 749 peccatorum.
735 688 767 725 ²¹<
816 685 886 735 Et
933 705 1032 738 nos
1084 706 1268 739 sumus
1321 696 1490 740 testes
1538 692 1725 742 horum
1771 694 2079 758 verborum,
2122 701 2176 747 et
2196 705 2250 742 32

154 761 392 831 Spiritus
446 771 668 816 sanctus
723 784 882 835 quem
935 768 1086 819 dedit
1139 770 1279 820 Deus
1323 772 1574 822 omnibus
1624 773 2006 825 obedientibus
2052 777 2173 828 sibi.

153 847 186 884 ²¹<
238 845 368 897 Haec
416 864 538 898 cum
587 848 886 912 audissent,
935 850 1367 915 dissecabantur,
1413 862 1468 904 et
1513 855 1831 921 cogitabant,
1873 856 2175 908 interficere
2197 867 2248 905 33

150 925 291 980 illos,

227 1014 259 1051 ³¹<
291 1011 534 1080 Surgens
562 1020 744 1065 autem
775 1015 991 1084 quidam
1032 1016 1087 1066 in
1125 1018 1352 1068 concilio
1383 1018 1708 1082 Pharisaeus,
1738 1021 1952 1071 nomine
1984 1021 2170 1071 Gama-
2195 1031 2249 1069 34

149 1092 258 1154 liel,
290 1094 428 1161 legis
459 1095 650 1147 doctor
678 1096 1012 1148 honorabilis
1041 1099 1307 1150 universae
1348 1100 1510 1167 plebi,
1546 1101 1710 1166 jussit
1747 1101 1889 1152 foras
1916 1103 1982 1152 ad
2011 1103 2173 1155 breve

150 1172 395 1226 homines
423 1176 559 1229 fieri.
591 1181 623 1217 >¹<
654 1178 912 1247 Dixitque
949 1178 1016 1229 ad
1058 1180 1178 1230 illos
1210 1201 1219 1231 ε
1256 1180 1372 1231 Viri
1412 1181 1696 1244 Israelitae,
1727 1183 1993 1233 attendite
2019 1185 2172 1235 vobis
2194 1192 2246 1231 35

148 1274 312 1326 super
365 1260 674 1312 hominibus
717 1263 837 1312 istis
881 1263 1011 1330 quid
1059 1265 1231 1314 acturi
1273 1264 1410 1315 sitis.
1462 1269 1494 1304 >¹<
1543 1268 1683 1316 Ante
1728 1267 1824 1316 hos
1867 1267 2007 1316 enim
2058 1267 2172 1318 dies
2194 1281 2247 1319 36

147 1341 336 1392 extitit
380 1341 648 1406 Theodas,
691 1344 877 1396 dicens
922 1362 979 1395 se
1023 1362 1140 1395 esse
1180 1346 1435 1413 aliquem,
1476 1348 1561 1396 cui
1603 1347 1878 1397 consensit
1919 1365 2173 1399 numerus

149 1422 388 1474 virorum
417 1424 633 1476 circiter
661 1426 1187 1495 quadringentorum
1214 1447 1223 1478 ε
1255 1428 1344 1494 qui
1375 1428 1584 1479 occisus
1614 1436 1696 1480 est
1726 1449 1735 1479 ε
1767 1433 1821 1479 et
1851 1446 2052 1494 omnes,
2083 1432 2173 1498 qui

206 1634 275 1677 31.
311 1634 451 1679 HUNc
486 1637 616 1681 Deus
649 1650 902 1681 EXALTAvir
934 1638 983 1680 in
1016 1638 1206 1688 coelum,
1242 1648 1294 1681 ut
1326 1642 1453 1680 esset
1476 1650 1696 1680 PRiNcm’s
1718 1652 1799 1681 seu
1826 1637 1921 1681 dux
1942 1646 2104 1682 noster
2127 1646 2174 1682 et

145 1713 374 1747 SALVATOR
394 1706 586 1757 (Beelen
607 1708 741 1762 ponit
759 1707 835 1751 hic
853 1706 1140 1750 hendiaden:
1160 1706 1372 1763 princeps
1394 1720 1476 1748 seu
1501 1710 1660 1749 auctor
1680 1706 1877 1760 salutis),
1897 1720 1956 1749 AD
1978 1720 2174 1751 DANDAM

146 1784 476 1818 POENITENTIAM
510 1776 716 1828 ISRAELI,
750 1784 803 1820 ut
827 1791 911 1833 per
932 1791 1040 1820 eum
1075 1778 1179 1831 (per
1212 1775 1313 1831 ejus
1349 1775 1534 1829 merita)
1572 1777 1904 1831 poenitentiam
1939 1777 2171 1822 Israelitis

145 1840 294 1886 daret.
337 1843 472 1887 Infra
508 1859 609 1901 cap.
652 1845 741 1897 XI,
784 1846 838 1888 18
878 1845 1146 1890 videbimus
1186 1842 1433 1900 qentilibus
1471 1845 1611 1888 etiam
1654 1845 1855 1887 salutem
1894 1845 2051 1888 offerri
2090 1862 2172 1902 per

147 1909 397 1956 Christum
435 1933 444 1957 :
488 1914 571 1958 sed
621 1915 786 1959 Petrus
831 1915 888 1958 de
935 1914 1198 1971 gentilibus
1240 1914 1404 1964 tacuit,
1443 1927 1497 1955 ex
1539 1913 1765 1969 prudenti
1802 1917 2072 1958 oeconomia.
2115 1941 2169 1948 —

145 1978 478 2025 REMissmNEM
499 1995 805 2027 PEccATORUM
829 1984 1035 2032 nuntiat,
1064 1981 1172 2038 quia
1196 1987 1440 2036 peccatum
1467 1981 1805 2036 gravissimum
1831 1982 1896 2024 eis
1921 1981 2167 2038 objecerat,

147 2049 530 2105 Christicidium;
554 2065 647 2096 non
672 2054 798 2096 enim
823 2067 902 2097 eos
926 2053 984 2097 ad
1010 2051 1395 2107 desperationem
1422 2050 1629 2106 adigere,
1655 2051 1736 2094 sed
1758 2051 1915 2106 potius
1940 2053 1996 2094 ad
2021 2057 2166 2108 poeni·

146 2121 346 2164 tentiam
372 2121 614 2165 inducere.
641 2122 680 2166 O
706 2137 816 2166 vere
840 2121 1025 2165 Christi
1050 2119 1324 2175 discipulos,
1350 2120 1432 2174 qui
1459 2119 1579 2162 bona
1603 2134 1688 2174 pro
1714 2119 1849 2161 malis
1874 2120 2166 2166 retribuunt!

203 2188 274 2232 32.
310 2189 473 2234 smnus
493 2203 653 2234 'resras
676 2203 845 2234 HORUM
868 2201 1141 2238 VERBORUM,
1164 2202 1320 2230 rerum
1355 2189 1456 2242 (per
1479 2188 1836 2240 hebraismum),
1876 2202 1937 2231 sc,
1961 2203 2166 2233 resurre-

142 2259 314 2303 ctionis
336 2259 532 2312 Christi,
558 2266 606 2305 et
630 2260 923 2304 ascensionis
949 2259 1063 2314 ejus.
1093 2257 1161 2300 Er
1189 2256 1406 2300 SPIRirUs
1429 2269 1627 2300 SANCTUS
1653 2258 1791 2300 testis
1817 2265 1905 2307 est,
1931 2272 2013 2313 per
2039 2260 2168 2303 varia

141 2328 447 2380 charismata,
473 2345 516 2373 v.
541 2344 614 2385 gr.
639 2345 724 2387 per
750 2331 928 2373 donum
955 2327 1309 2371 miraculorum.

200 2397 270 2441 33.
304 2398 707 2451 DisSECABANTUR,
740 2399 877 2456 quasi
910 2412 1041 2441 serra
1073 2397 1121 2440 in
1144 2397 1261 2439 duas
1287 2402 1447 2452 partes
1470 2395 1767 2447 secabantur,
1792 2396 1849 2440 ob
1873 2396 2018 2439 animi
2041 2397 2164 2441 furo-

140 2480 256 2519 rem,
295 2473 343 2510 et
384 2468 715 2512 vehementem
756 2467 1056 2512 stomachum
1093 2466 1237 2519 (idem
1278 2465 1476 2508 verbum
1513 2467 1720 2508 occurrit
1757 2465 1880 2508 infra
1918 2464 2029 2516 VII,
2074 2465 2161 2519 54).

139 2534 424 2592 Metaphora
455 2538 658 2581 deducta
695 2544 818 2582 est-a
842 2537 1054 2580 moribus
1088 2535 1404 2585 orientalium,
1429 2534 1555 2589 apud
1581 2548 1700 2590 quos
1725 2548 1922 2589 corpora
1945 2535 2163 2578 scelesto-

140 2619 248 2649 rum
271 2606 522 2650 hominum
544 2607 800 2664 aliquando
825 2621 955 2650 serra
981 2604 1279 2648 secabantur.
1305 2604 1462 2647 Latini
1480 2604 1644 2647 eodem
1668 2617 1810 2646 sensu
1833 2604 2068 2647 dicerent:
2090 2618 2164 2646 cor

141 2677 183 2718 et
207 2675 435 2720 cerebrum
459 2676 561 2720 illis
574 2677 901 2733 findebantur;
930 2674 1053 2719 Galli
1078 2679 1240 2716 autem
1262 2691 1270 2716 :
1300 2688 1448 2716 crever
1471 2673 1524 2715 de
1547 2671 1685 2728 dapib.

201 2745 270 2788 34.
307 2746 600 2798 PHARISAEUS,
640 2748 877 2802 appositio
907 2746 967 2788 ad
998 2743 1218 2801 quidam:
1255 2743 1460 2785 surrexit
1498 2743 1691 2798 quidam
1729 2742 1774 2784 in
1815 2747 1956 2793 coetu,
1994 2757 2162 2799 nempe

141 2814 314 2871 aliquis
338 2815 625 2866 Pharisaeus,
647 2827 828 2858 NOMiNn
853 2813 1112 2858 GAMALIEL.
1141 2812 1187 2855 S.
1218 2811 1467 2867 Scriptura
1492 2811 1638 2854 semel
1663 2818 1851 2854 tantum
1876 2812 2009 2853 illum
2033 2812 2160 2854 dein-

141 2900 252 2942 ceps
277 2893 526 2939 memorat,
552 2887 676 2931 infra
696 2887 864 2939 XXII,
890 2887 929 2938 3,
956 2886 1037 2930 ubi
1067 2885 1194 2928 Pauli
1220 2885 1449 2940 magister
1472 2883 1619 2926 fuisse
1647 2883 1834 2926 dicitur.
1871 2883 2002 2925 Idem
2035 2890 2161 2928 certe

140 2956 234 3000 fuit
266 2957 348 3014 qui
382 2958 431 3000 in
464 2957 695 3001 Talmude
727 2962 800 3001 tot
832 2955 1054 3000 laudibus
1087 2954 1368 3005 celebratur,
1393 2954 1492 2996 scil.
1516 2952 1642 2995 filius
1669 2951 1819 2995 Rabbi
1843 2951 2091 3004 Simeonis,
2114 2959 2160 2997 et

140 3040 290 3082 nepos
323 3027 618 3071 celeberrimi
651 3026 805 3070 Rabbi
839 3026 999 3069 Hillel.
1037 3024 1136 3067 Sub
1169 3023 1372 3074 Tiberio,
1409 3023 1625 3077 Caligula
1647 3029 1695 3064 et
1721 3021 1915 3064 Claudio
1939 3021 2160 3077 synedrio

139 3095 349 3152 praefuit‚
389 3101 438 3140 et
478 3097 533 3140 15
566 3097 705 3140 annis
742 3103 855 3139 ante
897 3107 1110 3138 eversam
1159 3092 1540 3148 Hierosolymam
1585 3101 1801 3134 mortuus
1845 3098 1932 3132 est.
1984 3090 2160 3134 Utrum

139 3171 375 3210 secretam
406 3165 458 3208 in
489 3165 778 3210 christianos
806 3164 906 3221 jam
938 3162 1160 3206 habuerit
1192 3160 1585 3211 benevolentiam,
1618 3174 1724 3202 cum
1758 3158 2015 3214 benignum
2043 3160 2159 3203 illud

138 3238 272 3285 dedit
295 3239 565 3292 consilium,
591 3239 718 3298 quod
740 3239 816 3282 hic
838 3238 985 3281 refert
1011 3236 1179 3287 Lucas,
1205 3242 1368 3278 utrum
1403 3248 1513 3278 vero
1546 3239 1710 3289 postea
1740 3232 1880 3276 fidem
1914 3233 2160 3287 amplexus

139 3313 204 3357 sit
224 3330 234 3356 ε
260 3311 337 3356 res
361 3314 499 3369 plane
522 3312 668 3356 dubia
694 3319 785 3355 est.

199 3381 269 3426 36.
298 3383 433 3426 Ama
458 3395 545 3426 Hos
569 3394 690 3426 ENIM
710 3395 815 3425 mas
837 3393 1019 3424 mmm
1040 3378 1270 3422 THEODAS.
1297 3377 1444 3421 Enim
1468 3377 1536 3420 sic
1555 3377 1703 3420 nectit
1730 3394 1739 3418 :
1759 3375 1992 3420 attendite
2015 3375 2162 3427 vobis,

137 3449 260 3494 nihil
280 3456 460 3494 temere
480 3450 765 3494 decernatis.
791 3449 946 3494 Sinite
972 3447 1112 3492 modo
1134 3466 1142 3491 :
1171 3462 1279 3491 mox
1313 3461 1398 3490 sua
1430 3453 1599 3500 sponte
1623 3444 1827 3488 cessabit
1856 3444 1935 3487 illa
1957 3453 2095 3494 secta,
2122 3445 2161 3485 si

139 3532 197 3563 ex
230 3518 330 3563 Deo
361 3532 457 3562 non
491 3519 574 3572 sit3
612 3520 733 3563 solet
766 3520 893 3562 enim
925 3518 1030 3562 fieri
1062 3524 1132 3568 ut,
1163 3522 1356 3559 auctore
1388 3523 1528 3558 sectae
1563 3513 1764 3565 sublato,
1788 3523 2044 3556 sectatores
2071 3512 2162 3567 ipsi

140 3604 246 3634 mcx
269 3594 571 3634 evanescant.
601 3588 740 3645 Quod
767 3588 927 3645 probo,
951 3588 1031 3638 ait,
1057 3587 1234 3643 duplici
1261 3585 1486 3640 exemplo.

146 3717 148 3719 ,
198 3651 432 3710 THEODAS,
468 3659 554 3708 vel,
589 3666 643 3702 ut
673 3673 841 3715 graece,
875 3663 1036 3701 Θευδας.
1075 3657 1350 3711 Intelligere
1383 3661 1572 3711 oportet
1599 3622 1977 3712 pertutbatorem
1999 3668 2158 3709 quem-
