2430 4030
599 324 663 360 nn
702 326 1102 363 comum-ummo
1141 329 1434 367 JUDAEORUM
1473 333 1582 370 CUM
1621 334 1947 375 enmitmns,
2188 328 2286 378 291

251 454 287 504 i.
316 471 363 506 e.
392 456 514 506 erit.
546 455 626 506 De
656 455 860 508 Messia
888 459 1214 526 praedictum
1255 460 1359 513 fuit
1386 462 1501 515 fore
1543 470 1604 536 ¹3¹⁵
1645 473 1915 519 vocaretur
1953 469 2291 537 Emmanuel,

252 536 402 587 Deus
451 537 652 600 Fortis,
703 538 863 590 Pater
903 541 1075 593 futuri
1119 544 1288 595 seculi
1330 551 1456 608 ete„
1500 565 1608 616 quo
1652 550 2075 617 significabatur
2110 554 2290 623 ipsum

252 618 497 670 futurum
536 619 704 671 fuisse
747 621 1180 687 Emmanuelem,
1220 643 1316 677 seu
1355 628 1644 681 nobiscum
1689 631 1883 695 Deum,
1930 634 2152 686 Fortem
2181 642 2288 688 etc.

253 699 386 752 Luc.
431 701 476 765 I,
517 703 582 753 32
628 703 746 754 Erit
785 723 1012 773 maynus
1052 712 1101 758 et
1147 708 1325 760 Filius
1365 709 1632 763 Altissimi
1678 714 1959 778 vocabitur,
1989 717 2110 769 erit.
2157 718 2287 771 Luc.

253 783 299 848 I,
352 784 416 838 76
462 786 530 837 Et
578 790 634 836 tu
667 806 823 855 puer,
885 789 1149 858 Propheta
1192 790 1460 854 Altissimi
1499 795 1783 860 vocaberis,
1831 798 1958 851 eris.
2026 798 2289 853 Similiter

252 886 443 920 nomen
492 870 570 921 rei
622 872 706 923 vel
754 892 998 940 personae
1050 875 1274 943 ponitur
1326 894 1424 944 pro
1468 896 1523 928 re
1569 879 1695 947 ipsa
1750 881 1835 934 vel
1872 882 1991 951 ipsa
2031 903 2286 952 persona.

256 951 523 1022 Exempla
550 955 694 1007 sint:
742 958 866 1008 Act.
901 958 1093 1025 Apost.
1123 958 1192 1021 X,
1221 960 1290 1010 43
1321 960 1425 1010 Per
1451 979 1636 1014 nomen
1667 963 1777 1031 ejus
1810 965 1975 1033 (Jesu)
2022 968 2286 1020 remissio-

255 1052 371 1086 nem
400 1042 730 1105 peccatorum
774 1040 1028 1107 accipere,
1072 1046 1287 1093 tantum
1333 1044 1479 1094 valet
1521 1063 1612 1097 ac:
1662 1064 1759 1114 per
1803 1048 2012 1112 Jesum‚
2045 1068 2142 1119 per
2170 1051 2287 1119 ejus

254 1119 467 1172 merita.
521 1121 721 1173 Joann.
778 1124 823 1183 Ι,
882 1123 945 1172 12
1003 1122 1222 1174 Credere
1274 1125 1334 1175 in
1373 1125 1584 1177 nomine
1637 1127 1749 1192 ejus
1808 1130 2049 1198 (Verbi),
2103 1151 2284 1200 graeoe

254 1221 306 1246 εις
327 1222 374 1245 το
398 1222 537 1257 ονομα,
568 1206 713 1274 sign.
743 1207 965 1258 credere
993 1207 1048 1258 in
1079 1208 1276 1275 ipsum,
1305 1208 1528 1260 eredere
1556 1210 1737 1278 ipsum
1782 1231 1900 1264 esse
1936 1215 2033 1265 Dei
2064 1216 2283 1278 Filium,

251 1286 532 1339 hominum
555 1287 910 1341 Salvatorem.
938 1290 1003 1340 In
1024 1291 1174 1341 hisee
1203 1291 1467 1342 orationis
1494 1292 1793 1346 Dominicae
1822 1298 2004 1348 verbis
2031 1297 2284 1367 Sanctifi-

251 1376 394 1421 cetur
420 1389 607 1422 nomen
637 1376 804 1436 tuum,
834 1391 930 1440 per·
957 1391 1145 1424 nomen
1177 1373 1293 1435 Dei,
1325 1374 1444 1441 ipse
1476 1374 1620 1426 Deus
1651 1376 2002 1447 intelligitur,
2034 1382 2114 1432 uti
2143 1382 2282 1432 bene

249 1455 492 1523 explieat
532 1454 951 1507 Oatheohismus
993 1462 1179 1507 noster
1219 1455 1650 1520 Meebliniensis,
1701 1459 1852 1511 Leot.
1888 1462 1985 1513 17:
2025 1462 2144 1513 Wat
2173 1482 2283 1514 ver-

252 1541 397 1586 staat
423 1536 498 1604 qij
528 1537 653 1588 door
681 1537 780 1587 den
806 1556 972 1588 naam
1004 1537 1187 1589 Gods?
1230 1567 1295 1611 —7
1355 1538 1453 1588 sod
1492 1539 1683 1602 zeluen,
1716 1559 1778 1592 en
1806 1542 1860 1591 al
1889 1548 1992 1594 wat
2022 1563 2139 1595 men
2172 1544 2283 1596 Gocz

253 1619 562 1687 toeschrijft,
593 1620 674 1671 als
699 1620 831 1687 zijne
860 1618 1293 1688 Almoqendheid‚
1327 1619 1612 1683 Goeclheid‚
1651 1622 1823 1683 Liefde
1852 1642 1960 1676 enz.

328 1701 413 1752 Ex
442 1703 525 1753 his
553 1703 1029 1754 observationibus
1067 1703 1211 1752 circa
1252 1720 1456 1752 morem
1491 1702 1867 1769 Hebraeorum,
1900 1708 1992 1775 qui
2033 1707 2283 1776 frequen-

255 1784 367 1835 tius
421 1802 582 1854 quam
640 1785 821 1835 Latini
893 1785 1178 1852 Graecique
1251 1784 1517 1835 adhibent
1588 1787 1853 1838 voeabula
1922 1789 2179 1840 mentalia
2233 1796 2288 1841 et

255 1869 519 1919 abstracta
595 1870 711 1920 loco
779 1868 1009 1919 ‘realium
1078 1874 1133 1918 et
1203 1871 1575 1931 concretorum,
1645 1869 1930 1921 innumera
1996 1872 2108 1923 fere
2169 1874 2285 1924 loca

255 1973 297 2006 s,
332 1954 652 2023 Scrspturae,
695 1955 827 2006 alias
868 1955 1002 2006 satis
1032 1953 1289 2016 difficilia,
1319 1953 1461 2005 clara
1502 1955 1661 2024 plane
1702 1957 1988 2025 faciliaque
2026 1959 2279 2011 evadent.

788 2106 1388 2159 DISSERTATIO
1453 2108 1755 2162 SEXTA.

673 2246 733 2277 DE
766 2246 1114 2278 CONSUETUDINE
1145 2247 1407 2278 JUDAEORUM
1441 2247 1540 2278 CUM
1574 2248 1867 2279 GEN'HLIBUS.

958 2334 1055 2388 (Ad
1087 2334 1194 2378 Act.
1229 2335 1399 2391 Apost.
1434 2335 1496 2387 X,
1530 2336 1603 2390 28)

333 2433 386 2485 1⁰
422 2435 730 2486 Prohibitio
784 2436 1144 2487 conversandi
1197 2454 1320 2486 oum
1375 2436 1701 2503 gentilibus,
1759 2436 1826 2486 de
1881 2453 1985 2504 qua
2038 2437 2282 2505 loquitur

257 2540 299 2574 s.
331 2521 527 2572 Petrus
558 2522 681 2573 Act.
710 2521 780 2584 X,
812 2522 898 2583 28,
928 2539 1033 2572 non
1075 2528 1256 2572 exstat
1284 2522 1339 2572 in
1373 2522 1520 2590 Lege
1552 2521 1782 2590 Moysis,

329 2601 384 2653 2ο
424 2603 647 2667 Contra,
685 2622 941 2671 magnam
977 2622 1109 2673 erga
1148 2604 1386 2672 gentiles
1422 2604 1767 2672 peregrinos,
1797 2604 1889 2672 qui
1929 2604 2074 2671 apud
2111 2603 2285 2655 Israe-

256 2686 380 2737 litas
418 2687 917 2749 commorabantur,
962 2687 1379 2747 humanitatem,
1424 2687 1534 2736 imo
1579 2704 1704 2737 vet-o
1749 2691 1804 2736 et
1851 2685 2284 2753 hospitalitatem

166 2807 170 2811 ψ
258 2770 373 2821 Lex
408 2771 500 2821 illa
533 2771 896 2832 commendat,
936 2772 992 2821 in
1038 2770 1213 2821 Exod.
1257 2769 1445 2832 XXII,
1490 2771 1587 2832 215
1618 2768 1836 2830 XXIII,
1867 2770 1929 2831 93
1965 2768 2092 2819 Lev.
2125 2767 2282 2831 XIX,

258 2853 352 2916 333
403 2853 564 2904 Deut.
603 2852 674 2916 X,
718 2853 815 2915 183
848 2852 984 2903 adeo
1026 2852 1248 2920 quidem
1293 2860 1352 2901 ut
1380 2851 1657 2919 peregrini
1685 2851 1944 2918 plurimas
1978 2867 2284 2916 pauperum

259 2935 622 2988 Hebraeorum
645 2938 1040 3005 praerogativas
1069 2935 1481 3003 participarent,
1511 2953 1562 2986 v.
1592 2953 1673 3002 gr.
1706 2935 1852 2985 circa
1879 2934 2109 3001 prandia
2132 2933 2288 2984 festi-

256 3038 341 3084 va,
373 3019 534 3070 Dent.
563 3018 718 3082 XIV,
747 3021 844 3083 29;
875 3018 1032 3080 XVI,
1068 3019 1157 3080 11;
1187 3019 1460 3085 spicarum
1500 3034 1839 3084 uvat-umque
1882 3016 2285 3079 collectionem,

258 3103 389 3154 Lev.
418 3102 576 3166 XIX,
609 3103 701 3164 103
732 3102 952 3163 XXIII,
983 3103 1083 3164 223
1120 3102 1278 3151 Dent.
1308 3100 1518 3162 XXIV,
1554 3101 1656 3163 193
1698 3106 1753 3150 et
1791 3117 2021 3150 messem
2064 3099 2116 3149 in
2146 3117 2290 3151 anno

175 3201 178 3203 ’
249 3186 484 3255 jubilaei,
531 3186 660 3237 [sev.
703 3185 884 3248 XXV,
914 3186 964 3237 6.
994 3186 1060 3236 In
1101 3184 1324 3252 judiciis
1370 3183 1560 3234 eadem
1602 3183 1886 3234 habebant
1908 3183 2030 3250 jura
2058 3199 2119 3233 ac
2148 3182 2288 3233 indi-

257 3286 435 3336 genae,
465 3268 643 3320 Exod.
672 3268 808 3331 XII,
836 3269 932 3330 49;
970 3267 1097 3318 Lev.
1139 3266 1350 3328 XXIV,
1381 3266 1446 3316 22
1473 3286 1485 3327 ;
1531 3265 1678 3316 Num
1708 3264 1833 3328 XV,
1867 3266 1930 3315 15
1962 3270 2096 3328 etc.;
2127 3265 2289 3316 urbes

258 3349 459 3418 refugii
485 3351 650 3401 etiam
678 3351 829 3419 ipsos
859 3350 1173 3412 tuebantur,
1203 3347 1371 3399 Num.
1399 3346 1632 3411 XXXV,
1665 3349 1760 3410 15;
1789 3354 1891 3398 etc.
1921 3347 2121 3415 Igitur,
2152 3348 2291 3415 legis

258 3434 515 3487 Mosaicae
554 3435 870 3503 benignitas
917 3453 1050 3503 erga
1094 3433 1418 3503 peregrinos
1472 3433 1640 3501 major
1689 3439 1806 3484 erat
1852 3450 2013 3501 quam
2061 3450 2124 3483 ea
2166 3450 2288 3500 quae

255 3517 401 3586 apud
445 3519 579 3568 alios
623 3518 771 3569 orbis
813 3518 1024 3586 antiqui
1068 3517 1316 3585 popuIOS,
1365 3517 1530 3566 etiam
1578 3516 1889 3567 Romanum
1923 3521 1977 3566 et
2012 3513 2285 3578 Graecum,

266 3618 524 3670 umquam
550 3601 844 3653 exstiterit.
