2430 4030
487 296 682 332 mutus
719 294 1022 332 Ammonis]
1065 296 1266 332 PISIDIAE
1304 297 1476 334 Jasmn
1516 298 1797 337 PsAEch'r.
1905 339 1911 346 ,
2059 286 2161 338 153

99 436 161 498 ζ*
189 434 434 503 Cumque
463 438 936 484 consummassent
963 433 1163 495 omnia,
1196 451 1317 503 quae
1344 433 1411 483 de
1440 452 1504 485 eo
1544 435 1749 502 scripta
1790 439 1963 497 erant,
1995 434 2162 503 depo·
2185 449 2240 488 29

84 514 321 578 ”fientes
348 534 470 568 eum
501 515 567 566 de
594 515 766 584 lignO,
795 523 1099 584 posuerunt
1128 535 1247 567 eum
1279 519 1332 567 in
1365 523 1735 569 monumentO.
1785 521 1817 558 >¹<
1859 518 2003 569 Deus
2032 536 2162 569 vero
2186 532 2240 570 30

76 592 110 661 g*-
127 595 415 653 suscitavit
442 615 567 648 eum
595 614 627 646 a
655 598 885 647 mortuis
914 598 1078 648 tertia
1107 598 1194 649 die
1218 619 1227 649 :
1273 599 1366 666 qui
1395 599 1547 649 visus
1576 604 1660 650 est
1691 617 1788 667 per
1816 600 1930 650 dies
1961 601 2161 651 multos

89 669 232 757 flua,
262 685 295 722 *
324 681 416 750 qui
445 680 607 731 simul
637 679 998 731 ascenderant,
1026 699 1148 731 cum
1176 699 1239 732 eo
1269 682 1336 732 de
1366 681 1589 733 Galilaea
1617 683 1672 732 in
1702 682 2037 734 Jerusalem:
2070 683 2161 751 qui
2185 696 2237 734 31

75 761 297 834 susque
325 781 470 814 nunc
499 768 629 813 sunt
671 769 841 814 testes
870 762 986 830 ejus
1014 764 1082 814 ad
1111 764 1346 832 plebem.
1378 769 1408 803 >⁸
1443 764 1512 814 Et
1551 782 1651 815 nos
1680 765 1836 816 vobis
1862 768 2158 818 annuncia-
2185 778 2238 814 32

17 856 23 865 ⁴
127 865 243 900 mus
269 865 404 908 eam,
436 863 558 916 quae
584 845 653 895 ad
683 851 869 914 patres
897 852 1114 897 nostros
1144 847 1494 916 repromissio
1524 847 1668 899 facta
1697 853 1812 898 est:
1846 852 1878 888 ²¹<
1907 849 2157 916 quoniam
2183 861 2237 899 33

103 930 260 982 shanc
292 928 437 980 Deus
473 929 796 996 adimplevit
838 928 965 979 filiis
995 929 1198 980 nostris
1241 930 1578 980 resuscitans
1608 930 1818 991 Jesum,
1849 930 1991 982 sicut
2019 937 2074 982 et
2100 933 2157 983 in

182 1132 254 1177 29.
290 1131 647 1175 napos-amns...
687 1143 974 1175 rosensem.
1010 1131 1293 1188 Subjectum
1327 1131 1453 1174 idem
1488 1135 1562 1175 est
1594 1146 1648 1175 ae
1681 1132 1729 1174 in
1762 1147 1805 1175 v.
1839 1132 2158 1186 praecedente.

125 1202 354 1260 Quamvis
387 1202 514 1245 enim
551 1201 639 1252 illi,
671 1201 754 1259 qui
788 1201 958 1244 Jesum
990 1201 1050 1245 de
1082 1216 1222 1245 cruce
1247 1201 1561 1245 detraxerunt
1585 1206 1632 1245 et
1659 1202 1968 1258 sepelierunt,
1995 1207 2158 1246 essent

125 1272 215 1318 viri
236 1271 319 1329 pii,
341 1286 368 1314 a
392 1270 700 1328 popularium
735 1285 938 1315 suorum
974 1271 1175 1314 crimine
1208 1271 1493 1314 alienissimi
1527 1289 1536 1314 :
1572 1271 1716 1315 iidem
1749 1276 1910 1315 tamen
1933 1272 2160 1315 dicuntur

118 1343 270 1404 *fuisse
316 1341 436 1386 Jesu
478 1342 876 1397 interemptores,
921 1341 1011 1385 hoc
1058 1356 1221 1392 sensu,
1266 1341 1394 1398 quod
1441 1340 1739 1385 Nicodemus
1786 1346 1833 1385 et
1875 1340 2058 1397 Joseph
2100 1341 2159 1384 ab

124 1415 420 1462 Arimathaea
458 1416 509 1459 in
551 1429 753 1459 numero
797 1415 1071 1472 principum
1117 1414 1420 1465 Judaeorum,
1469 1420 1638 1471 utpote
1688 1414 1912 1471 Synedrii
1955 1414 2159 1470 judices,

129 1495 307 1535 essent.

183 1562 253 1606 30.
287 1562 648 1619 Argumentum
685 1562 759 1613 3⁰³,
793 1576 889 1619 quo
921 1560 1137 1606 ostendit
1170 1561 1340 1604 Jesum
1367 1575 1472 1605 esse
1500 1561 1742 1604 Messiam.
1772 1560 1899 1605 Vide
1927 1560 2159 1605 orationis

126 1631 359 1690 analysim
384 1631 525 1676 initio
546 1631 693 1688 hujus
720 1633 913 1686 capitis.

186 1703 254 1746 32.
289 1702 527 1747 Versiculi
563 1703 618 1746 32
652 1708 700 1747 et
735 1703 790 1746 33
825 1707 938 1746 sunt
972 1702 1291 1758 parenthesis,
1317 1716 1410 1759 qua
1445 1701 1639 1752 Paulus,
1665 1700 1854 1744 rediens
1877 1701 1937 1744 ad
1959 1701 2009 1744 id
2034 1700 2161 1758 quod

127 1785 170 1816 Υ.
209 1773 270 1816 23
307 1771 507 1824 dixerat,
550 1771 833 1816 distinctius
873 1771 1061 1828 probat,
1103 1771 1287 1821 Jesum‚
1328 1771 1593 1814 secundum
1636 1770 2009 1826 promissionem
2046 1770 2159 1814 olim

125 1844 313 1906 factam,
337 1843 575 1888 Israelitis
599 1845 804 1887 missum
826 1859 854 1887 a
878 1844 979 1887 Deo
1012 1856 1279 1899 verumque
1313 1842 1540 1885 Messiam
1575 1841 1962 1884 demonstratum
1993 1841 2157 1883 fuisse.

123 1934 178 1944 --
209 1913 278 1958 ΕΤ
308 1927 390 1959 NOS
421 1923 512 1959 etc.
545 1914 712 1958 Nexus
746 1920 820 1958 est
854 1933 863 1958 :
897 1913 991 1963 illi,
1025 1913 1107 1971 qui
1138 1913 1279 1956 simul
1312 1927 1414 1956 cum
1435 1926 1481 1954 eo
1505 1911 1558 1955 cle
1587 1911 1786 1955 Galiloea
1819 1910 1869 1953 iu
1900 1911 2161 1955 Jerusalem

125 1984 420 2029 ascenderant
443 1985 617 2041 (igitur
640 1985 850 2041 apostoli
883 1984 1024 2041 ejus),
1059 1987 1188 2027 testes
1221 1983 1318 2037 ejus
1351 1985 1474 2033 sunt,
1507 1984 1668 2036 ipsum
1702 1980 1898 2031 ibidem,
1932 1982 1982 2023 in
2018 1981 2159 2023 Palae·

124 2053 265 2106 stina,
312 2054 578 2110 praedicant
623 2071 634 2098 ε
687 2067 742 2097 ΕΤ
783 2066 867 2097 NOS
910 2053 1090 2110 pariter
1132 2065 1276 2103 voms,
1320 2060 1453 2096 extra
1505 2050 1810 2094 Palaestinam
1857 2048 2160 2103 degentibus,

92 2134 454 2169 ANNUNCIAMUS
483 2123 838 2181 promissionem
872 2123 983 2168 olim
1005 2124 1201 2180 factam,
1233 2123 1286 2166 iu
1316 2122 1429 2167 Jesu
1461 2119 1619 2164 Nazav
1626 2134 1706 2162 eno
1739 2134 1768 2162 a
1803 2119 1893 2161 Deo
1919 2118 2159 2174 impletam

59 2186 284 2248 fuisse

185 2263 254 2308 33.
286 2263 619 2317 Rnsnscmms,
650 2283 882 2317 αναστησας
917 2263 1087 2321 :quod
1121 2262 1299 2319 duplici
1334 2261 1518 2304 ratione
1545 2259 1829 2316 explicatur.
1868 2257 1995 2301 Sunt
2029 2255 2156 2299 enim

82 2331 337 2391 (*Knin.,
377 2335 525 2390 Beel.)
560 2335 643 2392 qui
683 2335 814 2378 hunc
857 2299 1077 2378 statuant
1114 2346 1315 2376 sensum
1348 2350 1356 2374 :
1392 2345 1502 2375 cum
1534 2329 1702 2372 Jesum
1736 2327 2014 2376 suscitasset,
2055 2325 2083 2368 i.
2118 2338 2157 2367 e.

46 2416 97 2473 ζ
125 2402 336 2456 misisset,
368 2404 679 2457 ewhibuisset;
714 2419 808 2461 qua
839 2404 1034 2461 quidem
1069 2402 1420 2459 significatione
1454 2399 1656 2444 verbum
1689 2414 1915 2448 αναστηναι
1948 2393 2158 2438 sumitur

46 2485 88 2528 ξ,
128 2485 273 2530 supra
295 2473 390 2526 111,
414 2475 489 2526 22,
513 2476 584 2519 26.
609 2475 700 2519 Isti
723 2474 879 2530 igitur
911 2477 1132 2518 auctores
1166 2471 1254 2514 hoc
1288 2484 1384 2513 nou
1416 2467 1700 2523 intelligunt
1726 2466 1784 2508 de
1806 2463 2159 2508 resurrectione

132 2540 326 2597 Christi,
361 2546 444 2589 sed
477 2546 536 2590 de
569 2545 673 2602 ejus
706 2545 920 2589 adventu
954 2544 1004 2586 in
1038 2541 1288 2590 mundum,
1322 2539 1528 2598 quando,
1562 2553 1590 2581 a
1624 2537 1768 2580 Patre
1802 2536 1995 2585 missus,
2029 2532 2160 2576 venit

91 2611 314 2656 salvare
337 2613 592 2667 homines;
625 2614 840 2672 adeoque
871 2614 930 2657 de
965 2611 1066 2667 ejus
1100 2610 1453 2658 Incarnatione‚
1487 2615 1534 2651 et
1567 2607 1624 2649 de
1659 2605 1886 2649 universa
1919 2603 2020 2660 ejus
2046 2602 2160 2654 vita,

0 2705 2 2707 ·
35 2703 93 2781 ἶ
130 2693 215 2726 seu
255 2681 313 2726 de
354 2683 412 2726 iis
455 2648 680 2729 omnibus
724 2698 832 2742 quae
879 2683 1006 2733 fecit,
1048 2681 1224 2730 docuit,
1268 2684 1316 2722 et
1357 2691 1531 2734 passus
1575 2680 1650 2719 est
1694 2681 1944 2731 tamquam
1989 2671 2157 2714 mundi

43 2783 135 2854 ,ἓ
132 2749 439 2810 Redemptor.
468 2755 607 2799 Hanc
627 2762 789 2799 autem
814 2751 1266 2809 interpretationem
1290 2764 1344 2793 ex
1366 2753 1595 2792 contextu
1623 2746 1960 2788 demonstrare
1987 2756 2158 2785 conan-

129 2827 224 2873 tur,
265 2827 487 2882 sequenti
527 2826 684 2871 modo.
722 2824 768 2882 al
806 2823 1088 2870 Suscitanclo
1126 2821 1286 2866 Jesum
1327 2820 1457 2863 Deus
1495 2815 1766 2873 adimplevit
1804 2812 2157 2871 promissionem

0 2947 2 2956 k
63 2881 408 2946 ,Ξὶῐῑιᾶωοτυω
433 2894 698 2952 majoribus
722 2895 836 2939 olim
861 2894 1070 2937 factam:
1093 2890 1228 2948 atqui
1251 2888 1506 2946 promissio
1530 2887 1610 2929 illa
1635 2890 1737 2928 erat
1761 2897 1874 2927 sane
1897 2882 1955 2924 de
1979 2881 2158 2924 Messia

0 2957 103 3047 ᾗ
129 2960 180 3003 in
221 2963 455 3006 mundum
495 2964 750 3014 mittendo,
783 2977 878 3006 non
913 2961 971 3005 de
1010 2960 1190 3003 Messia
1221 2958 1281 3000 ad
1313 2958 1464 3000 vitam
1499 2953 1781 2998 revocando.
1814 2949 1864 3006 bl
1903 2950 2160 2999 Praeterea,

60 3029 280 3084 &verba
319 3030 396 3075 Ps.
432 3031 500 3084 ΙΙ,
542 3033 566 3077 ’7
605 3032 762 3076 Filius
800 3045 928 3075 meus
967 3044 1011 3074 es
1050 3032 1114 3079 tu,
1153 3041 1230 3083 eqo
1268 3024 1401 3069 hodie
1436 3023 1575 3082 qenui
1608 3025 1661 3072 te,
1694 3035 1721 3064 a
1754 3034 1898 3064 sensu
1936 3016 2075 3062 obvio
2112 3022 2161 3060 et

107 3100 353 3162 gnaturali,
377 3115 521 3158 quem
543 3101 716 3146 suadet
741 3104 1011 3151 contextus,
1035 3110 1237 3154 prorsus
1270 3092 1598 3150 detorquenda
1630 3091 1788 3134 forent
1809 3094 1865 3132 ut
1888 3087 2160 3144 significare

45 3211 54 3222 1
82 3163 87 3217 ,⁵
105 3138 358 3229 emnem:
383 3185 457 3228 eqo
489 3175 530 3215 te
561 3187 591 3216 a
622 3172 817 3215 mortuis
837 3169 1046 3214 excitavi.
1069 3165 1113 3219 cl
1136 3165 1335 3216 Deinde,
1370 3162 1626 3207 dicendum
1650 3164 1794 3211 esset,
1818 3158 1980 3214 plures
2013 3170 2160 3213 quan-

95 3242 124 3286 ᾗ·
123 3233 286 3296 &oque
317 3254 488 3284 sensus
519 3241 732 3286 litet-ales
766 3255 880 3284 vere
913 3240 1134 3282 diversos
1168 3237 1219 3279 in
1253 3248 1350 3278 uno
1383 3232 1645 3289 eodemque
1682 3230 1786 3273 loco
1821 3243 1857 3271 s.
1894 3227 2159 3282 Scripturas

44 3366 47 3371 ,
96 3320 107 3341 ‘-
115 3308 363 3364 reperiri.
387 3324 496 3367 quae
528 3311 726 3390 quidem
757 3309 1013 3354 affirmatio
1045 3321 1142 3350 non
1180 3304 1344 3361 paucis
1377 3316 1464 3346 nec
1497 3300 1662 3357 parvis
1694 3299 1878 3343 laborat
1910 3296 2160 3340 difficulta-

59 3379 61 3381 ’
96 3382 116 3397 ¹
143 3376 278 3426 J.bus
301 3377 353 3437 dl
374 3379 603 3432 Tandem,
627 3382 668 3424 si
695 3380 754 3424 de
776 3378 1133 3424 resurrectione
1157 3391 1184 3419 a
1205 3374 1411 3418 mortuis
1446 3371 1764 3427 explicentur,
1787 3370 1835 3411 in
1859 3365 2162 3422 tautoloqiam

8 3438 18 3445 ἡ
112 3447 264 3506 erit
289 3451 571 3509 Apostolus,
591 3466 700 3496 mox
724 3450 1062 3507 subjungens:
1093 3445 1222 3501 Quod
1245 3448 1398 3489 autem
1421 3441 1662 3487 suscitavit
1682 3454 1784 3483 eum
1809 3454 1838 3481 a
1861 3435 2053 3481 mortuis
2074 3440 2160 3477 etc.

50 3527 53 3531 ’
154 3517 296 3563 Alii
317 3534 432 3566 vero
461 3520 580 3577 (²¹⁸De
600 3521 782 3572 Wette,
805 3519 960 3575 Bisp„
984 3516 1166 3561 Patrizi
1189 3519 1278 3558 etc.
1286 3516 1300 3568 )
1327 3512 1497 3557 dicunt
1521 3524 1717 3555 sensum
1741 3521 1846 3552 esse
1871 3521 2100 3556 αναστησας
2121 3520 2162 3544 εκ

283 3589 424 3635 .Imo
448 3590 502 3634 P.
530 3590 729 3642 Patrizi,
755 3589 839 3647 qui
863 3589 1074 3644 priorem
1107 3583 1475 3640 explicationem
1511 3585 1710 3625 strenue
1741 3577 2008 3633 impugnat,
2028 3573 2163 3616 docet

15 1072 25 1098 ξ
31 1052 55 1110 'p‘
62 1086 81 1105 .··

16 1114 35 1138 :⁷
41 1123 71 1147 g,

18 1125 70 1182 ..a

22 1183 70 1210 *³⁹-

24 1207 69 1242 ἶ),

31 1245 47 1257 ν·
54 1243 70 1265 c

34 1314 68 1350 ζ’

41 1359 60 1376 1,
67 1367 69 1371 1

50 2376 67 2413 ²<
31 2169 100 2391 aaa·
27 1955 82 2173 aazia„
