2430 4030
274 233 377 285 120
827 245 987 282 Acws
1026 244 1418 292 APos'rOLORUM‚
1461 230 1560 294 IX,
1606 231 1760 283 1-30.

223 379 654 450 epm-sequeris:
704 379 899 430 durum
943 383 1026 431 est
1072 378 1173 430 tibi
1218 389 1408 431 contra
1460 380 1743 431 stimulum
1800 379 2102 431 calcitrare.
2159 381 2192 419 ²¹<
2248 377 2322 430 Et
2389 378 2392 382 ’

221 474 246 517 ’7
274 470 531 527 tremenS,
571 481 632 516 ac
672 467 902 532 stupens
942 462 1083 513 dixit
1125 483 1135 514 :
1183 463 1431 527 Domine,
1480 462 1612 531 quid
1652 481 1736 514 me
1781 463 1862 515 vis
1902 460 2129 514 facere?
2173 465 2206 502 ²¹<
2243 455 2321 513 Et

275 546 542 599 Dominus
582 545 652 596 ad
690 562 812 596 eum
857 566 867 597 ε
913 544 1108 614 Surge,
1138 550 1193 596 et
1228 545 1521 613 ingredere
1550 545 1849 608 civitatem,
1892 551 1946 597 et
1985 545 2066 596 ibi
2107 543 2323 596 dicetur

273 630 377 682 tibi
422 629 554 699 quid
596 634 652 680 te
698 633 948 698 oporteat
991 628 1185 682 facere.
1235 628 1356 680 Viri
1403 635 1586 680 autem
1635 629 1731 692 illi,
1781 630 1874 698 qui
1919 627 2326 681 comitabantur

275 731 398 765 cum
441 731 523 777 ec,
571 712 792 764 stabant
837 711 1145 780 stupefacti,
1195 711 1481 764 audientes
1526 712 1753 781 quidem,
1794 730 2003 776 vocem,
2050 710 2326 763 neminem

338 998 500 1043 Verba
538 997 718 1042 DURUM
749 1010 831 1041 EST
875 1011 1028 1053 usque
1073 997 1132 1040 ad
1178 996 1395 1041 DomNus
1434 1009 1494 1040 AD
1529 1009 1631 1040 EUM
1664 996 1966 1042 omittuntur
2010 997 2059 1040 in
2103 995 2332 1042 omnibus

279 1067 524 1113 codicibus
549 1067 737 1125 graecis,
779 1074 827 1111 et
849 1067 978 1123 apud
1003 1067 1256 1124 plerosque
1281 1067 1449 1111 Patres
1475 1066 1669 1111 Graecos
1693 1085 1702 1119 ;
1743 1067 1792 1110 in
1820 1067 1988 1111 multis
2013 1081 2126 1111 vero
2153 1066 2333 1125 versio·

281 1138 423 1182 nibus
462 1138 680 1195 antiquis
720 1143 967 1194 tamquam
1009 1137 1154 1180 dubia
1195 1143 1440 1181 notantur.
1478 1135 1734 1180 Glossema
1772 1143 1845 1180 est
1883 1151 1907 1180 e
1941 1137 2056 1181 locis
2090 1135 2332 1192 parallelis

279 1208 469 1260 XXVI,
514 1210 568 1252 14
595 1214 640 1252 et
664 1207 831 1259 XXII,
869 1208 923 1251 10
950 1207 1026 1250 hic
1048 1206 1303 1262 adjectum.
1346 1206 1415 1250 Ea-
1447 1211 1609 1251 tamen
1643 1206 1792 1251 verba
1822 1221 1951 1251 nunc
1974 1206 2335 1264 explicabimus,

281 1286 337 1324 ut
361 1279 551 1335 plenam
579 1277 796 1322 historiae
820 1277 1044 1321 notitiam
1068 1277 1346 1321 habeamus.

342 1349 525 1393 Diuum
555 1361 635 1391 EST
667 1359 764 1390 TIBI
796 1359 973 1390 CONTRA
1006 1359 1250 1390 STIMULUM
1274 1358 1581 1390 CALOITRARE.
1610 1345 1929 1390 Proverbialis
1953 1345 2150 1390 locutio:
2174 1358 2337 1402 quem-

281 1418 541 1463 admodum
580 1418 690 1461 bovi
732 1417 930 1473 segnius
971 1418 1147 1467 aranti,
1203 1418 1284 1474 qui
1339 1415 1398 1459 ab
1447 1422 1638 1460 aratore
1689 1416 1927 1460 excitatur
1967 1420 2108 1459 acuto
2150 1413 2338 1466 baculo,

283 1489 460 1533 durum
485 1493 532 1533 et
556 1486 755 1532 noxium
797 1492 872 1530 est
906 1491 1072 1530 contra
1115 1485 1368 1530 stimulum
1406 1484 1672 1537 calcitrare,
1709 1484 1948 1542 siquidem
1983 1483 2257 1528 resistendo
2289 1487 2338 1527 et

285 1559 568 1604 reluctando
590 1558 723 1602 aliud
748 1572 844 1601 non
872 1557 1090 1600 lucratur
1110 1556 1201 1599 nisi
1222 1563 1276 1599 ut
1293 1556 1447 1612 magis
1474 1562 1723 1612 pungatur
1743 1574 1751 1599 :
1775 1556 1844 1599 ita
1862 1555 2004 1599 etiam
2025 1554 2218 1599 tibimet
2236 1554 2340 1611 ipse

285 1643 442 1680 noces,
468 1643 577 1673 cum
601 1628 772 1685 gratiae
798 1627 1048 1678 motiones,
1065 1626 1241 1684 quibus
1264 1626 1498 1670 hactenus
1517 1626 1578 1670 ad
1603 1626 1748 1670 fidem
1769 1632 1816 1670 te
1841 1625 2105 1677 stimulavi,
2129 1624 2342 1680 repellis,

286 1701 467 1758 quippe
494 1699 576 1757 qui
602 1699 801 1754 impune
826 1698 872 1741 id
899 1697 1053 1741 facere
1087 1711 1182 1741 non
1208 1698 1381 1752 possis.
1423 1721 1477 1727 —
1520 1697 1629 1747 Sed,
1670 1697 1709 1739 si
1748 1696 1926 1741 Paulus
1959 1696 2137 1740 divinae
2170 1693 2339 1751 gratiae

286 1771 483 1822 restitit,
507 1769 731 1827 quojure
754 1768 812 1811 de
837 1782 886 1811 se
913 1770 932 1810 1
962 1767 1082 1811 Tim.
1127 1769 1166 1819 1,
1192 1768 1245 1811 13
1268 1787 1276 1811 ε
1320 1768 1477 1819 Prius,
1518 1768 1769 1826 inquit‚...
1798 1768 1952 1824 fui...
1992 1768 2343 1824 persecutor...‚

286 1841 363 1886 secl
388 1840 757 1885 misericordiam
779 1839 868 1883 Dei
893 1841 1155 1882 consecutus
1177 1852 1293 1889 sum,
1328 1838 1439 1895 quia
1464 1838 1738 1895 iynorans
1764 1839 1863 1895 feci
1894 1838 1947 1881 in
1979 1835 2304 1881 incredulitate
2323 1833 2346 1879 ?

289 1910 433 1967 Resp.
460 1910 582 1967 Quia
608 1910 885 1966 ignorantia
909 1910 1017 1960 ista,
1043 1913 1213 1966 utpote
1238 1923 1346 1966 quae
1373 1909 1501 1953 vinci
1527 1911 1786 1965 potuisset,
1827 1924 1937 1953 eum
1963 1923 2061 1965 non
2089 1906 2346 1952 excusabat
2415 1962 2419 1964 μ

291 1995 318 2026 a
339 1986 441 2026 toto
464 1985 675 2038 peccato,
718 1979 802 2023 sed
825 1993 851 2023 a
874 1983 1025 2031 tanto,
1064 1985 1304 2037 quatenus
1339 1993 1628 2023 consensum
1666 1978 1915 2023 minuebat
1950 1976 2230 2022 voluntatis.
2272 1975 2343 2022 Of.

289 2064 436 2107 supra
458 2050 518 2093 ad
545 2050 642 2103 III,
666 2051 736 2095 17.

350 2123 389 2164 6.
430 2120 595 2165 Dixrrz
631 2120 827 2164 Douma
867 2126 953 2165 etc.
995 2119 1099 2164 Hoc
1137 2119 1272 2164 libere
1311 2119 1451 2172 dixit,
1492 2119 1693 2177 ejusque
1723 2119 1943 2163 voluntas
1967 2118 2147 2162 divinae
2172 2118 2344 2175 gratiae

291 2190 490 2236 motioni
530 2191 680 2235 libere
719 2191 1087 2247 obtemperavit.
1134 2190 1246 2246 Ipse
1287 2204 1323 2233 s.
1366 2189 1547 2233 Paulus
1594 2194 1803 2234 testatur
1841 2203 1886 2233 se
1929 2196 2045 2234 tunc
2076 2203 2168 2233 uon
2190 2188 2346 2246 fuisse
2423 2195 2430 2229 ’.

273 2247 579 2306 ‘incredulum
606 2262 773 2306 coelesti
792 2261 965 2306 visioni
992 2260 1198 2316 (XXVI,
1226 2261 1316 2315 19),
1340 2260 1608 2305 ostendens
1635 2275 1684 2304 se
1709 2261 1929 2317 potuisse
1954 2260 1997 2304 ei
2018 2274 2114 2304 non
2136 2259 2344 2304 obedire.

291 2330 444 2387 Quam
481 2332 602 2376 falso
643 2332 795 2388 igitur
835 2331 1064 2376 Calvinus
1103 2330 1382 2375 contendit:
1422 2329 1645 2383 Saulum,
1685 2330 1767 2387 qui
1803 2333 1961 2387 sponte
1992 2329 2154 2374 ruebat
2188 2332 2348 2375 contra

295 2401 549 2455 Christum,
573 2418 698 2447 ‘nuuc
720 2403 920 2447 invitum
943 2402 1005 2447 acl
1027 2401 1294 2459 obsequium
1326 2401 1439 2457 coyi.

356 2473 396 2517 7.
435 2471 561 2516 Sunt
598 2475 680 2530 qui
721 2479 894 2529 putent
928 2479 975 2517 et
1015 2473 1109 2516 alia
1134 2478 1315 2529 praeter
1353 2472 1435 2516 illa
1467 2486 1494 2515 a
1527 2471 1647 2515 Jesu
1680 2471 1812 2516 dicta
1843 2471 2009 2523 fuisse,
2042 2484 2215 2527 nempe
2238 2484 2346 2528 quae

295 2540 483 2593 XXVI,
507 2543 578 2594 16,
607 2544 655 2586 in
682 2558 763 2587 ore
787 2544 941 2599 ipsius
967 2543 1161 2587 Domini
1187 2546 1466 2599 ponuntur:
1505 2542 1576 2587 Acl
1614 2542 1694 2586 hoo
1735 2543 1859 2586 euim
1895 2542 2102 2600 apparui
2134 2547 2224 2587 etc.
2252 2541 2347 2586 Sed
2423 2556 2430 2583 ;

296 2612 399 2655 veri
423 2612 683 2657 admodum
713 2614 870 2657 simile
895 2618 969 2657 est
991 2613 1092 2657 haec
1118 2613 1263 2658 verba
1286 2613 1344 2656 ab
1369 2612 1580 2665 Anania,
1617 2627 1714 2657 non
1748 2618 1912 2657 autem
1935 2628 1962 2656 a
1987 2612 2120 2664 Jesu,
2162 2612 2348 2669 prolata

296 2680 476 2735 fuisse;
503 2683 612 2727 vide
635 2688 799 2727 annot.
823 2683 883 2726 ad
907 2683 972 2726 ill.
1000 2684 1015 2726 l
1058 2708 1112 2714 —
1142 2683 1377 2727 STABANT.
1410 2683 1626 2740 Prolapsi
1651 2683 1844 2740 quidem
1871 2684 2064 2727 fuerant
2097 2683 2146 2726 in
2169 2689 2347 2726 terram

298 2754 502 2808 (XXVI,
545 2758 634 2810 14),
676 2758 760 2801 sed
799 2758 1014 2814 profecto
1054 2757 1159 2802 fieri
1198 2758 1356 2814 potuit
1395 2762 1451 2801 ut
1491 2771 1599 2802 mox
1640 2758 1971 2801 surrexerint:
2005 2756 2099 2800 nisi
2133 2756 2349 2800 dicamus

295 2829 418 2871 stare
440 2829 690 2873 attonitum
715 2835 906 2874 tantum
929 2830 1205 2886 siguificare
1227 2833 1412 2887 stupore
1443 2829 1646 2887 percelli,
1686 2829 1804 2887 quin
1838 2828 2149 2873 attendamus
2184 2831 2348 2872 utrum

297 2900 493 2944 attoniti
534 2906 718 2945 stantes
760 2902 858 2946 sint
896 2917 1076 2947 nec—ne.
1120 2902 1199 2946 Sic
1231 2907 1477 2946 nostrates
1509 2901 1706 2946 dicunt:
1746 2900 1967 2945 verbaascl
1989 2904 2143 2945 staau.
2174 2899 2350 2945 STUPE-

296 2983 457 3015 FAc'H:
482 2990 594 3024 ενεοι,
619 2972 803 3030 absque
829 2987 957 3024 voce,
980 2972 1394 3017 obmutescentes:
1417 2972 1665 3023 flandrice,
1687 2972 1968 3030 spraloelaes,
1993 2975 2125 3016 stom.

355 3041 631 3085 AUDIENTES
663 3055 852 3096 QUIDEM
886 3056 1056 3095 VOCEM,
1087 3061 1296 3086 ακουοντες
1334 3062 1405 3095 μεν
1444 3061 1514 3095 της
1555 3051 1705 3097 φωνης,
1747 3041 1944 3086 Videtur
1983 3055 2200 3098 pugnare
2239 3054 2348 3084 cum
2410 3038 2430 3079 3

297 3109 522 3167 Act.Ap.
552 3111 772 3163 XX11,9
814 3112 929 3167 (Qui
949 3127 1122 3157 mecum
1146 3114 1298 3166 erant)
1340 3127 1489 3157 vocem
1515 3127 1612 3156 uon
1635 3111 1891 3155 audieruut
1913 3111 2010 3168 ejus
2031 3110 2115 3169 qui
2138 3108 2351 3168 loqueba·
2395 3121 2414 3169 ’ᾗ

294 3181 373 3222 tur
395 3193 582 3231 mecum,
613 3199 686 3232 την
709 3191 847 3235 φωνην
870 3201 939 3226 ουκ
961 3200 1133 3235 ηκουσαν
1156 3200 1227 3225 του
1253 3186 1474 3225 λαλουντος
1512 3187 1602 3225 etc.
1646 3179 1784 3224 Hanc
1818 3179 2168 3232 difficultatem,
2205 3192 2370 3237 quam

296 3249 501 3293 maxime
542 3258 685 3307 urget
723 3252 907 3304 *Boium
949 3253 1145 3297 solvunt
1182 3252 1265 3296 alii
1303 3251 1601 3303 dicentes,a
1644 3250 1788 3295 sociis
1829 3250 1925 3294 illis
1957 3249 2173 3294 auditam
2206 3248 2354 3294 fuisse
2388 3242 2419 3278 ’ἓ

297 3332 462 3363 vocem
502 3320 766 3375 ipsiusmet
812 3322 943 3365 Pauli
981 3337 1090 3366 cum
1129 3322 1291 3378 aliquo
1313 3321 1573 3377 loquentis
1607 3334 1703 3365 non
1739 3325 1903 3365 autem
1927 3334 2092 3365 vocem
2115 3319 2236 3364 Jesu
2267 3317 2402 3377 qui
2410 3366 2414 3367 γ

295 3388 575 3443 apparebat.
603 3389 702 3432 Alii
726 3404 841 3435 vero
862 3391 1005 3434 aliam
1029 3399 1306 3448 proponunt
1329 3390 1726 3447 explicationem·
1762 3404 1828 3434 sc.
1851 3389 2113 3434 audierunt
2136 3387 2390 3446 sonitumij,
2395 3405 2402 3417 -·

296 3457 441 3510 vociS,
479 3458 564 3502 sed
601 3458 750 3503 verba
790 3459 1020 3503 distincte
1062 3475 1158 3505 non
1196 3459 1485 3512 audierunt;
1529 3459 1612 3504 isti
1647 3459 1777 3504 enim
1820 3459 1991 3505 vident
2023 3457 2390 3515 differentiam»

296 3541 466 3571 sensus
491 3527 618 3572 inter
639 3545 792 3571 ακουειν
818 3546 888 3580 της
910 3537 1044 3582 φωνης
1069 3534 1116 3573 et
1141 3547 1297 3573 ακουειν
1323 3548 1396 3582 την
1427 3539 1565 3583 φωνην
1587 3547 1658 3572 του
1683 3535 1921 3573 λαλουντος.
2370 3537 2387 3545 ''
