2430 4030
223 351 290 402 18
708 363 1059 400 INTRODUCTIO
1100 365 1155 399 IN
1195 364 1356 399 AC'rUs
1396 363 1788 398 APOSTOLORUM.

222 496 434 547 Deinde
483 496 804 547 miraculum
862 497 1196 565 linguarum,
1250 495 1396 564 quod
1444 500 1700 544 narratur
1753 511 1873 562 cap.
1927 494 2002 556 Π,
2053 495 2083 543 5
2133 511 2273 562 sqq,

219 579 400 629 animo
446 578 678 646 cogitari
728 578 957 647 nequit3
1016 586 1302 646 praeterea,
1349 595 1468 645 cap.
1520 576 1588 638 V,
1642 577 1664 626 1
1725 594 1843 646 sqq.
1901 594 2046 628 mors
2093 575 2278 627 subita

222 662 452 713 Ananiae
480 670 536 711 et
566 660 812 729 Saphirae
841 679 1060 714 sensum
1094 660 1351 712 moralem
1381 659 1648 722 offendit;
1680 659 1900 710 tandem
1932 659 2276 710 narrationes

223 746 291 795 de
338 745 682 813 apparitione
726 745 860 795 Jesu
906 745 960 795 in
1007 744 1365 795 conversione
1413 742 1560 794 Sauli
1606 742 1707 805 IX,
1773 743 1801 793 7
1843 743 1964 794 coll.
2007 741 2196 803 XXII,
2242 741 2272 790 9

221 829 366 879 inter
393 845 450 878 se
481 828 849 892 dissentiunt,
892 827 1186 879 difficultas
1227 827 1391 878 etiam
1433 832 1518 877 est
1559 825 1660 890 IX,
1691 827 1777 888 29,
1807 826 1929 877 coll.
1970 824 2157 886 XXII,
2193 825 2274 876 17.

295 910 536 961 Istarum
591 916 774 960 autem
831 910 1208 979 objectionum
1256 909 1600 971 inanitatem,
1646 927 1712 959 ex
1761 909 1829 960 iis
1877 926 1998 978 quae
2045 907 2114 958 ad
2160 907 2278 958 loca

222 992 463 1043 indicata
516 993 569 1043 in
624 993 1078 1044 annotationibus
1146 993 1347 1044 nostris
1407 992 1670 1054 dicemus,
1729 992 1862 1042 satis
1915 988 2280 1043 demonstrari

223 1075 567 1124 confidimus.

688 1221 715 1285 ᾧ
759 1220 808 1269 9.
855 1218 1201 1269 Canonicitcts
1240 1237 1330 1269 sea
1371 1218 1630 1269 divinitas
1673 1218 1815 1268 libri.

297 1374 524 1426 Nullum
604 1391 859 1442 umquam
929 1375 996 1425 de
1063 1374 1431 1425 canonicitate
1497 1381 1591 1424 aut
1657 1374 1843 1424 divina
1919 1373 2280 1440 inspiratione

228 1463 466 1510 Actuum
534 1458 925 1525 Apostolorum
991 1458 1179 1508 extitit
1245 1457 1475 1508 dubium
1544 1457 1598 1506 in
1668 1457 1918 1507 Ecclesia
1970 1455 2277 1518 catholica3

225 1546 360 1597 adeo
390 1544 610 1614 quidem
651 1550 712 1594 ut
752 1544 853 1595 hoc
896 1561 1032 1612 opus
1074 1545 1142 1595 ad
1185 1562 1360 1612 genus
1404 1544 1666 1594 librorum
1700 1542 2276 1594 Proto-canonicorum

226 1629 518 1697 pertineat.
574 1626 913 1677 Recensetur
961 1627 1106 1676 enim
1151 1627 1204 1676 in
1250 1626 1553 1677 canonibus
1601 1626 1875 1689 omnibus,
1924 1624 2088 1675 etiam
2135 1623 2278 1674 anti-

226 1710 543 1779 quissimis5
586 1715 642 1759 et
671 1708 797 1759 olim
823 1708 932 1775 jam
965 1726 1036 1758 ss.
1072 1707 1285 1777 Chrys„
1318 1710 1463 1776 Aug.
1495 1709 1698 1776 aliique
1728 1707 1917 1758 testati
1945 1711 2091 1769 sunt,
2135 1705 2279 1754 hunc

225 1793 427 1844 librum
455 1793 510 1842 in
539 1792 783 1842 ecclesiis
826 1791 1024 1841 lectum
1069 1791 1238 1841 fuisse
1269 1811 1299 1842 a
1330 1791 1415 1841 die
1461 1792 1741 1842 paschatis
1783 1808 1952 1859 usque
1981 1790 2050 1839 ad
2084 1788 2277 1838 Pente-

227 1881 435 1926 costen.
483 1874 546 1923 In
592 1873 869 1942 prioribus
919 1873 1137 1936 seculis,
1179 1874 1493 1924 canonicam
1542 1873 1658 1940 ejus
1697 1873 2082 1924 auctoritatem
2121 1888 2282 1921 nemo

227 1959 469 2026 negavit,
515 1963 879 2025 praeterquam
929 1957 1171 2007 liaeretici
1225 1957 1492 2020 nonnulli,
1541 1976 1590 2009 v.
1648 1976 1732 2025 gr.
1791 1956 2085 2017 Ebionstae,
2137 1953 2281 2004 Mar-

229 2043 465 2103 cionitae,
513 2041 811 2102 Severiani,
860 2039 1153 2091 Manichaei
1203 2046 1343 2103 etc.;
1396 2041 1579 2108 idque,
1627 2041 1771 2108 quod
1818 2046 2013 2091 notatu
2054 2038 2280 2105 dignum

228 2132 329 2188 est,
369 2142 478 2175 non
519 2123 587 2173 ob
632 2124 872 2173 rationes
914 2123 1134 2174 criticas
1175 2129 1269 2173 aut
1310 2122 1617 2187 historicae,
1650 2124 1803 2192 quasi
1833 2131 1984 2174 certa
2025 2122 2284 2173 deficeret

230 2207 468 2270 traditio,
501 2206 597 2256 sed
628 2216 851 2274 propter
881 2224 1071 2256 causas
1101 2205 1442 2271 dogmaticas
1471 2212 1526 2257 et
1554 2207 1935 2274 praejudicatas
1964 2207 2279 2275 opiniones3

230 2292 485 2361 quoniam
529 2291 791 2341 nonnulla
829 2291 883 2339 in
925 2291 1027 2340 hoc
1067 2290 1207 2340 libro
1251 2290 1600 2358 reperiuntur
1629 2310 1750 2359 quae
1790 2292 2030 2359 ipsorum
2069 2289 2284 2358 placitis

229 2382 386 2426 erant
439 2373 729 2424 contraria.
790 2372 1065 2423 Ebionitae
1121 2390 1171 2422 v.
1224 2390 1308 2439 gr.
1365 2373 1421 2422 id
1475 2373 1743 2438 fecerunt,
1799 2381 2090 2442 propterea
2138 2372 2285 2441 quod

229 2456 581 2507 abolitionem
613 2455 752 2522 legis
787 2455 1062 2516 Mosaicae,
1107 2473 1227 2521 quae
1269 2473 1387 2523 cap.
1430 2454 1533 2505 XV
1582 2464 1847 2520 narratur,
1892 2469 2180 2525 negarent,
2224 2463 2285 2506 ut

231 2545 504 2590 testantur
548 2555 622 2589 ss.
672 2537 1015 2606 Epiphanius
1065 2547 1119 2588 et
1165 2537 1426 2588 Irenaeus.
1479 2538 1635 2602 Quod
1680 2541 1725 2590 si
1767 2558 1808 2590 s.
1858 2539 2284 2607 Chrysostomus

235 2621 393 2687 (hom.
427 2621 450 2670 1
483 2620 543 2670 in
574 2620 686 2670 Act.
723 2620 844 2687 Ap.)
886 2624 1120 2670 Actuum
1163 2619 1364 2670 librum
1394 2639 1489 2671 sua
1519 2630 1683 2672 aetate
1713 2622 1899 2672 multis
1942 2621 2284 2689 incognitum

233 2722 350 2755 esse
413 2703 788 2771 conqueritur,
854 2704 956 2753 hoc
1022 2704 1195 2753 solum
1263 2704 1370 2754 sibi
1436 2706 1571 2767 vult,
1643 2714 1703 2755 ut
1777 2705 2067 2755 manifesto
2126 2704 2287 2755 docet

231 2793 492 2840 contexta
521 2787 635 2855 ejus
666 2788 857 2851 oratio,
889 2805 1026 2855 opus
1055 2787 1212 2851 illud,
1242 2788 1480 2838 maxima
1520 2790 1994 2841 commendatione
2035 2789 2284 2857 dignum,

232 2888 342 2922 non
386 2870 519 2921 satis
562 2888 592 2919 a
633 2870 889 2920 fidelibus
928 2871 1036 2937 legi
1080 2879 1246 2938 atque
1286 2873 1564 2939 cognosci.

309 3048 336 3116 ᾧ
386 3047 468 3098 10.
511 3047 589 3098 De
614 3047 865 3114 fontibus
906 3067 929 3098 e
969 3048 1156 3117 quibus
1197 3048 1369 3099 Lucas
1407 3067 1585 3099 remim
1626 3049 1878 3100 notitiam
1918 3046 2203 3098 derivavit.

311 3201 390 3252 De
429 3201 538 3252 fide
580 3207 683 3265 est,
722 3220 789 3253 ex
831 3203 1047 3254 concilii
1091 3203 1400 3254 Tridentini
1443 3203 1782 3264 definitione,
1820 3201 2047 3252 Actuum
2087 3199 2285 3251 librum

237 3283 501 3336 divinitus
555 3301 673 3334 esse
730 3285 1078 3352 inspiratum.
1137 3285 1337 3335 Verum
1386 3289 1635 3335 auctores
1686 3283 1941 3334 catholici
1995 3282 2049 3331 in
2106 3282 2286 3331 deter-

237 3366 507 3418 minandis
536 3366 925 3434 inspirationis
956 3367 1224 3418 limitibus
1263 3369 1526 3418 extremis
1569 3386 1674 3417 non
1718 3367 2090 3425 consentiunt,
2121 3381 2288 3432 quum

235 3449 403 3518 aliqui
451 3451 808 3518 restringant,
857 3451 947 3500 alii
1002 3469 1127 3501 vero
1175 3450 1480 3502 extendant
1529 3449 1873 3501 conditiones
1921 3446 2290 3498 essentialiter

238 3532 530 3600 requisitas
582 3533 652 3584 ad
708 3534 809 3584 hoc
866 3540 925 3584 ut
977 3533 1250 3601 scriptura
1308 3532 1556 3602 quaedam
1612 3533 1720 3584 dici
1773 3532 1951 3599 possit
2004 3542 2281 3590 θεοπνευστος,

236 3615 504 3667 divinitus
550 3614 747 3668 indita.
798 3615 940 3668 Sunt
986 3617 1078 3686 qui
1126 3617 1354 3680 varium,
1399 3633 1498 3684 pro
1545 3615 1695 3670 varia
1736 3615 2003 3666 librorum
2049 3611 2283 3683 rationo,
2362 3677 2367 3680 .
2404 3623 2430 3635 ²
