2430 4030
268 230 366 279 112
766 241 924 277 Acrus
962 241 1362 289 APos'roLoRUM,
1406 226 1572 292 VIII,
1613 228 1799 280 26-40.

184 385 238 424 25
335 380 368 417 ³¹<
398 375 471 426 Et
498 375 578 426 illi
607 375 826 444 quidem
868 375 1167 440 testificati,
1197 381 1253 428 et
1279 375 1449 429 locuti
1489 376 1718 429 verbum
1762 377 2004 442 Domini,
2047 379 2308 434 redibant

262 458 682 527 Jerosolymam,
735 462 790 509 et
844 459 1033 510 multis
1101 460 1425 528 regionibus
1493 459 1960 514 Samaritanorum
2027 463 2308 532 evangeli·
2360 465 2362 467 ’

261 541 476 593 zabant.

605 697 632 765 ᾧ
678 698 727 749 9.
775 697 1059 748 Conversio
1099 698 1366 761 Eunu-chi,
1410 714 1520 750 CAP.
1564 698 1729 762 VIII,
1771 700 1960 751 26-40.

332 851 723 903 Summarium.
757 852 1063 921 Philippus,
1104 854 1172 905 ab
1213 854 1411 922 angelo
1453 854 1713 919 monitus,
1742 855 1797 906 in
1828 873 2112 907 occursum
2155 857 2308 910 venit
2357 858 2362 861 ’

256 935 491 986 eunuchi
535 934 819 1003 cujusdam
868 935 1152 1005 AEthiopis
1205 936 1440 1005 (26-30),
1487 938 1648 1006 eique
1696 937 1855 991 Ieaiae
1905 941 2185 992 oraculum
2239 940 2307 993 de

257 1017 475 1069 Christo
529 1019 769 1086 explicat
827 1019 1083 1086 (30-35);
1145 1019 1341 1072 deinde
1396 1039 1517 1072 eum
1571 1022 1627 1072 in
1682 1022 1789 1074 fide
1830 1022 1990 1092 plene
2030 1023 2306 1077 eruditum

254 1100 499 1169 baptizat
545 1101 783 1169 (35-38).
845 1101 964 1167 Quo
1004 1103 1165 1167 facto,
1206 1121 1304 1172 per
1343 1104 1664 1156 miraculum
1705 1105 1979 1175 abripitur
2032 1106 2142 1173 (39,
2190 1107 2304 1175 40).
2371 1140 2376 1141 ν

179 1220 233 1260 26
328 1219 360 1256 *
402 1215 651 1283 Angelus
692 1221 876 1267 autem
920 1215 1141 1268 Domini
1184 1218 1399 1270 locutus
1439 1223 1525 1270 est
1564 1218 1633 1270 ad
1675 1218 2015 1289 Philippum,
2057 1219 2247 1272 dicens
2290 1240 2302 1273 ι

258 1297 436 1366 Surge
478 1304 533 1349 et
579 1298 715 1350 vade
759 1303 951 1350 contra
999 1299 1359 1352 meridianum
1403 1301 1473 1353 ad
1521 1302 1682 1365 viam,
1732 1320 1854 1370 quae
1902 1302 2210 1364 descendit⁴
2237 1302 2306 1356 ab
2376 1309 2430 1358 ,Ξ

253 1510 415 1567 Igitur
437 1511 582 1555 verba
615 1512 812 1556 fuerunt
846 1512 1045 1557 terroris
1080 1513 1446 1568 superstitiosi;
1484 1513 1687 1570 putabat
1721 1528 1834 1558 sane
1869 1515 2247 1559 exsecrationem
2279 1529 2309 1561 a

259 1581 394 1625 Petro
434 1582 671 1637 prolatam
707 1582 859 1626 fuisse
891 1582 1148 1626 formulam
1184 1582 1439 1638 magicam,
1473 1598 1499 1626 a
1543 1582 1683 1640 cujus
1719 1583 1935 1639 periculo
1975 1583 2169 1627 liberari
2211 1597 2307 1628 non

250 1656 453 1707 poterat,
487 1651 580 1694 nisi
607 1652 960 1695 interveniente
987 1651 1068 1696 illo
1092 1652 1175 1709 qui
1198 1653 1323 1695 mala
1349 1653 1644 1709 imprecatus
1671 1652 1843 1696 fuerat.

309 1721 379 1764 25.
414 1721 595 1765 Munus
626 1734 907 1766 Reciomssus
945 1721 1395 1766 SAMARHANORUM:
1428 1722 1560 1780 quid,
1593 1737 1653 1766 an
1688 1723 1737 1766 in
1773 1721 2002 1766 Samariae
2052 1721 2301 1778 provincia

249 1797 384 1834 erant
416 1791 584 1835 multae
616 1791 867 1847 ‘reqionesP
904 1792 1062 1844 Absit,
1095 1792 1253 1836 versio
1287 1792 1363 1836 hic
1397 1799 1471 1837 est
1507 1793 1668 1836 minus
1701 1800 1953 1838 accurata:
1981 1798 2137 1836 πολλας
2169 1809 2303 1844 κωμας

249 1860 371 1916 sign.
399 1861 582 1906 multos
609 1862 731 1906 vicos
756 1862 833 1907 vel
857 1876 1015 1918 paqos.
2267 1877 2270 1881 ’

308 1931 380 1976 26.
418 1931 579 1976 SURGE
615 1933 625 1977 Ξ
668 1933 741 1976 Ex
787 1933 876 1977 hoc
923 1933 1068 1977 verbo
1113 1932 1398 1978 concludere
1443 1933 1574 1978 haud
1622 1939 1817 1991 oportet
1860 1934 2142 1991 Philippum
2188 1939 2305 1979 tunc

248 2002 544 2046 dormientem
571 2003 833 2047 accubuisse
849 2022 863 2055 ;
886 2018 993 2046 nam
1022 2018 1172 2059 surye,
1198 2009 1281 2047 aut
1307 2005 1350 2048 10
1374 2005 1515 2060 plane
1532 2005 1788 2057 redundat,
1823 2019 1878 2049 ex
1913 2019 2044 2048 more
2077 2003 2304 2048 Hebraeo·

249 2087 373 2124 rum,
397 2074 479 2130 qui
506 2074 666 2117 verbis
690 2075 866 2132 agendi
891 2076 1146 2118 formulam
1174 2075 1500 2131 praemittunt,
1527 2090 1635 2132 quae
1652 2076 1795 2120 aliam
1821 2075 2063 2120 actionem
2088 2088 2304 2118 necessa-

249 2142 321 2186 rio
343 2143 690 2198 praecedentem
718 2144 986 2200 significat3
1016 2159 1059 2188 v.
1086 2159 1158 2201 gr.
1188 2145 1370 2200 aperire
1393 2159 1440 2188 os
1475 2148 1515 2188 et
1550 2145 1688 2203 loqui,
1725 2146 1876 2190 levare
1907 2159 2055 2189 vocem
2087 2148 2128 2188 et
2161 2143 2304 2202 loqui,

250 2212 399 2256 levare
421 2213 572 2256 oculos
597 2217 638 2257 et
657 2214 825 2266 videre,
849 2213 1083 2258 extendere
1101 2229 1293 2257 mantem
1317 2218 1356 2257 et
1379 2218 1578 2272 tanyere.
1608 2215 1714 2259 Hoc
1740 2220 1902 2259 autem
1927 2215 1983 2258 fit
2008 2229 2063 2258 ex
2096 2213 2303 2270 quadam
2365 2213 2371 2218 ’

248 2283 557 2340 antiquitatis
583 2285 909 2341 simplicitate,
933 2300 1039 2342 quae
1065 2289 1221 2329 totum
1256 2285 1325 2328 rei
1359 2286 1597 2329 ambitum
1631 2286 1838 2338 emetiri,
1872 2285 2091 2341 nihilque
2123 2284 2303 2340 cogita-

248 2354 450 2404 tionum,
470 2354 598 2410 quod
622 2355 787 2399 eodem
816 2362 1015 2412 spectet,
1041 2355 1267 2399 omittere
1293 2356 1429 2400 solet.
1453 2356 1539 2399 Ex.
1576 2356 1640 2400 sit
1674 2357 1821 2400 Marc.
1857 2355 1976 2406 VII,
2010 2356 2067 2399 24
2098 2355 2163 2399 Et
2194 2353 2304 2397 inde
2330 2364 2332 2366 ·
2415 2335 2426 2364 '¹

249 2438 438 2480 sumens
461 2424 579 2467 abiit
602 2432 721 2478 et-c.;
748 2427 807 2470 cf.
832 2426 896 2469 id.
921 2425 983 2477 X,
1010 2427 1046 2468 1.
1075 2425 1153 2470 Ita
1175 2440 1365 2482 quoque
1392 2426 1506 2470 Luc.
1532 2428 1571 2478 1,
1600 2426 1655 2469 39
1681 2427 1923 2482 Exurqens
1945 2428 2100 2469 autem
2124 2424 2303 2475 Maria,

248 2495 302 2538 in
324 2493 483 2537 diebus
507 2494 606 2538 illis
629 2495 749 2539 abiit
773 2502 887 2548 etc.;
916 2496 1029 2540 ibid.
1056 2496 1166 2546 XV,
1195 2496 1249 2539 18
1276 2495 1481 2553 Surqam
1507 2497 1591 2549 (ait
1616 2497 1747 2540 filius
1771 2496 2025 2554 prodigus)
2061 2499 2101 2539 et
2131 2494 2206 2539 ibo
2239 2493 2303 2538 ad

247 2566 426 2620 pat-rem
447 2577 597 2606 meum
631 2569 720 2607 etc.
756 2564 928 2608 Confer
960 2579 1111 2621 germ,
1146 2564 1243 2608 sich
1277 2564 1567 2622 aufmachen.
1604 2565 1735 2609 Adeo
1769 2579 1938 2610 verum
1975 2569 2064 2617 est,
2098 2563 2298 2608 verbum
2374 2595 2406 2613 f<

247 2647 429 2689 suryere
451 2633 739 2690 quandoque
765 2649 849 2689 per
874 2635 1211 2690 pleonasmum
1236 2636 1365 2691 poni,
1399 2641 1455 2679 ut
1489 2636 1537 2678 in
1569 2636 1784 2693 antiquis
1817 2634 2124 2680 versionibus
2157 2632 2300 2677 eccle·
2362 2632 2382 2651 ²
2411 2662 2416 2670 ·

249 2701 457 2745 siasticis
483 2701 727 2745 interdum
750 2703 898 2747 fuerit
923 2703 1184 2747 omissum:
1213 2719 1256 2748 v.
1282 2719 1354 2761 gr.
1386 2705 1493 2748 Act.
1529 2704 1591 2756 V,
1626 2706 1680 2750 17
1714 2720 1742 2748 a
1777 2704 1899 2762 Syro
1933 2709 1981 2748 et
2013 2702 2175 2748 Arabe
2207 2700 2300 2755 (ed.

249 2771 446 2827 Erpen.)
489 2786 586 2815 non
633 2773 936 2828 exprimitur.
983 2773 1029 2815 2⁰
1068 2773 1119 2817 Si
1154 2788 1249 2817 non
1283 2788 1484 2828 prorsus
1519 2774 1774 2827 redundet,
1809 2788 1938 2831 saepe
1971 2773 2122 2818 solam
2155 2771 2330 2816 habet·
2371 2771 2398 2827 ⁹

249 2842 490 2884 notionem
515 2842 698 2898 aliquid
724 2842 1040 2898 ayqrediendi,
1064 2851 1111 2886 et
1135 2857 1220 2897 per
1247 2843 1422 2894 statim,
1446 2842 1588 2894 illico,
1616 2843 1853 2900 confestim
1875 2842 2176 2887 reddendum
2211 2848 2298 2887 est.
2375 2834 2391 2858 Ψ

249 2909 420 2967 Itaque
444 2925 575 2966 surqe
608 2913 648 2953 et
678 2910 832 2955 vade!
865 2912 988 2966 sign.
1023 2912 1184 2955 statim
1219 2912 1345 2964 vade,
1384 2919 1435 2957 ut
1467 2913 1640 2969 gallice
1673 2913 1825 2957 allone·
1850 2914 1867 2956 !
1893 2915 2051 2969 ματέρα
2076 2913 2092 2955 Ι
2123 2910 2294 2956 flandr.
2345 2923 2354 2927 ’
2375 2902 2397 2961 {³

245 2980 382 3035 spoed
405 2995 450 3030 u,
473 2981 561 3036 qa!
583 2981 728 3036 vulgo
753 2981 971 3032 komaan,
995 2981 1151 3025 lamam
1177 2981 1298 3035 (loom
1331 2983 1461 3034 aaa),
1492 2997 1557 3039 qa
1577 2984 1593 3026 J

305 3050 495 3094 CONTRA
519 3064 828 3095 MnmmANUM
857 3053 977 3106 (κατα
997 3059 1259 3109 μεσεμβριαν,
1287 3052 1526 3098 meridiem
1549 3055 1742 3108 versus),
1768 3067 1830 3098 AD
1862 3065 1983 3098 VIAM
2015 3059 2105 3098 etc.
2125 3048 2307 3096 flandr(
2355 3069 2379 3109 ,ς-

246 3120 536 3172 zuidwaarts,
559 3121 693 3178 lanqs
717 3121 804 3165 den
825 3123 1131 3178 we9.—HAE0
1158 3135 1237 3166 EST
1259 3136 1482 3167 misnam.
1513 3124 1716 3168 Plurimi
1739 3123 2032 3181 interpretes
2051 3123 2140 3167 hoc
2157 3121 2298 3172 int-eb

247 3190 407 3246 ligunt
446 3191 504 3234 de
539 3191 644 3247 ipso
679 3192 854 3248 oppido
889 3191 1035 3244 Gaza,
1079 3201 1128 3237 et
1163 3198 1337 3249 putant
1370 3208 1398 3237 a
1431 3193 1561 3238 Luca
1594 3194 1644 3238 id
1677 3194 1727 3238 in
1759 3193 2039 3251 parenthesi
2074 3191 2298 3238 additum

246 3259 412 3311 fuisse,
430 3265 484 3303 ut
501 3267 706 3313 notaret,
725 3271 942 3318 tempore
960 3276 1055 3320 quo
1074 3263 1314 3307 scribebat
1333 3263 1584 3308 civitatem
1600 3263 1729 3309 illam
1748 3263 1844 3321 jam
1862 3264 2013 3309 fnisse
2029 3266 2297 3317 vastatam‚=
2347 3270 2383 3326 ᾖ·

247 3328 374 3385 quod
395 3330 587 3385 quidem
608 3331 748 3386 paulo
766 3338 878 3376 ante
900 3332 1348 3390 Hierosolymorum
1371 3333 1671 3379 obsidionem
1695 3334 1857 3379 evenit
1877 3334 1998 3389 (Jos.
2023 3333 2079 3378 B.
2097 3333 2144 3379 J.
2163 3333 2206 3384 2,
2225 3331 2297 3384 18,

247 3397 308 3450 1).
331 3396 517 3443 Verum
539 3398 618 3441 alii
642 3398 733 3444 hoec
757 3404 820 3444 est
844 3401 1023 3446 deserta
1049 3403 1265 3446 referunt
1287 3401 1348 3446 ad
1365 3402 1508 3456 viam,
1534 3407 1582 3447 et
1604 3408 1806 3448 censent
1830 3403 1978 3449 verba
1996 3417 2102 3448 esse
2119 3400 2302 3459 angeli,
2326 3402 2385 3467 ‘⁴7²3

245 3466 422 3525 quibus
449 3466 723 3524 Philippum
749 3470 914 3514 doceat
943 3486 1201 3529 quamnam
1227 3486 1252 3516 e
1269 3471 1457 3517 duabu·
1481 3473 1576 3518 viis
1600 3476 1738 3532 sequi
1762 3474 1948 3527 debeat,
1973 3487 2077 3518 eam
2102 3487 2170 3518 sc.
2187 3467 2383 3530 quoe'‘>

248 3549 332 3592 per
354 3535 551 3581 Hebron
573 3544 621 3582 et
645 3539 890 3596 regionem
914 3541 1157 3587 desertam
1179 3542 1399 3598 ducebat,
1423 3558 1520 3589 non
1545 3549 1709 3590 autem
1731 3559 1834 3590 eam
1868 3559 1977 3602 quae
2011 3534 2307 3590 Eleutheme'
2327 3539 2371 3614 3⁹„
