2430 4030
600 297 667 332 DE
705 293 1063 332 THEOPHANIIS
1105 295 1201 332 SUB
1238 297 1440 334 VETERE
1480 296 1840 339 TESTAMENTO.
2133 290 2236 344 275

270 431 452 483 Prior·
483 430 762 493 sententia,
818 448 976 498 quam
1031 431 1278 499 theologi
1332 431 1668 496 scholastici,
1718 441 1842 502 post
1883 454 1924 488 ε.
1975 437 2232 490 Thomam

199 515 429 584 (Summ.
474 516 547 567 th.
593 515 665 578 1¹²,
708 516 791 575 2⁸2,
833 533 884 583 q.
927 517 1014 579 98,
1056 535 1086 566 a
1126 517 1180 582 3)
1225 522 1280 567 et
1319 536 1360 568 s.
1391 517 1750 587 Anqusti‘num
1784 520 1859 586 (in
1891 522 2030 573 libro
2061 524 2136 574 De
2163 543 2233 575 ss.

197 600 348 652 Trin.
370 621 390 658 ;
433 617 624 652 verum
664 598 825 649 alteri
865 599 1158 651 sententiae
1197 599 1416 650 videtur
1443 601 1625 652 favere
1655 602 1707 652 in
1738 602 1877 654 libro
1906 605 1982 655 De
2014 606 2234 656 videndo

194 681 346 748 Deo),
374 680 488 731 fere
516 697 705 730 omnes
735 680 975 748 amplexi
1016 687 1163 743 sunt,
1207 686 1361 732 tenet
1400 682 1771 750 apparitiones
1812 702 2001 737 omnes
2031 687 2234 738 veteris

194 762 535 817 Testamenti
564 761 764 830 angelo
794 761 1011 813 cuidam
1039 769 1224 815 creato
1251 763 1646 816 adscribendas
1675 783 1812 818 esse.
1856 767 2013 819 Hanc
2052 774 2231 820 autem

195 847 526 900 sententiam
567 845 757 896 dedita
797 862 962 914 opera
1002 851 1058 897 et
1096 847 1215 898 fuse
1255 852 1442 897 tuetur
1483 847 1541 898 P.
1586 847 1768 912 SMITs,
1802 849 1946 901 Prol.
1975 849 2046 901 ad
2072 851 2235 903 Emod.

269 929 451 981 Altera
491 927 776 991 sententia,
818 945 979 996 quam
1020 929 1207 997 plures
1248 929 1582 998 profitentur
1608 947 1682 981 sS.
1715 931 1903 983 Patres
1930 933 2236 1001 praesertim

194 1011 563 1082 antiquissimi
597 1010 916 1079 (sequentes
945 1017 1231 1062 enumerat
1261 1011 1326 1062 cl.
1358 1011 1545 1063 Danko
1572 1033 1586 1062 .-
1613 1013 1915 1078 Justinum,
1945 1015 2235 1080 Irenaeum,

198 1095 370 1148 Olem.
419 1095 599 1155 Alex„
643 1093 894 1156 Tertull„
943 1093 1220 1163 Cyprian„
1269 1093 1471 1145 Euseb.
1523 1094 1680 1157 Caes„
1731 1096 2016 1159 Athanas.,
2060 1098 2234 1150 Hilar.

200 1180 427 1242 Pictav.,
460 1178 738 1240 Ambros,
770 1176 957 1246 Cyrill.
993 1178 1170 1240 Alex„
1215 1177 1407 1246 Chrys,
1442 1184 1497 1229 et
1526 1180 1896 1247 Augustinum
1935 1179 2066 1248 [?])‚
2095 1182 2237 1233 sicut

197 1269 254 1316 et
292 1263 465 1332 major
500 1279 628 1331 pars
668 1261 974 1330 priscorum
1019 1261 1420 1324 Rabbinorum,
1458 1268 1627 1329 negat
1656 1263 1712 1312 in
1736 1263 1991 1315 omnibus
2021 1265 2235 1332 appari-

197 1347 455 1410 tionibus,
485 1362 619 1415 quas
648 1350 806 1397 vetus
835 1344 1251 1395 Testamentum
1281 1344 1465 1404 refert,
1496 1345 1752 1412 angelum
1783 1346 2002 1414 proprie
2031 1347 2236 1397 dictum

196 1432 371 1484 visum
399 1430 602 1492 fuisse-3
634 1429 730 1480 sed
759 1428 1022 1496 quasdam
1053 1427 1246 1478 saltem
1275 1445 1341 1477 ex
1371 1427 1448 1478 eis
1476 1428 1700 1495 ipsimet
1734 1428 1846 1479 Deo
1876 1446 1969 1479 seu
1998 1440 2118 1488 Λογῳ
2140 1442 2239 1479 Θεου

196 1515 518 1568 tribuendas
560 1531 676 1566 esse
718 1513 970 1564 affirmat.
1003 1513 1120 1563 Imo
1162 1530 1308 1574 verO,
1351 1513 1683 1580 interpretes
1722 1514 1969 1565 nonnulli
1999 1532 2238 1583 eousque

197 1599 508 1652 extendunt
550 1598 688 1648 hanc
728 1596 1078 1659 sententiam,
1109 1602 1169 1646 ut
1198 1595 1432 1646 doceant
1461 1595 1526 1646 de
1555 1595 1664 1647 Deo
1693 1596 1813 1665 ipso
1853 1597 2239 1664 intelligendas

199 1701 321 1735 esse
361 1681 732 1750 apparitiones
772 1697 979 1742 omnes,
1011 1680 1062 1728 in
1095 1679 1294 1747 quibus
1322 1678 1412 1729 ille
1442 1679 1533 1746 qui
1563 1696 1680 1729 sese
1710 1680 1954 1730 ostendit
1993 1686 2048 1730 et
2092 1680 2234 1729 Deus

198 1771 255 1818 et
284 1764 515 1833 Anqelas
546 1770 787 1825 vocatur,
818 1763 905 1814 vel
934 1767 1207 1829 tamquam
1242 1761 1386 1811 Deus
1415 1761 1707 1812 exhibetur
1736 1762 1983 1829 quamvis
2007 1761 2240 1829 Anqelus

201 1849 301 1900 Dei
327 1848 660 1899 nominetur.
690 1848 960 1897 Auctores
989 1849 1167 1896 autem
1199 1844 1276 1894 illi
1306 1850 1532 1895 censent
1563 1843 1753 1906 Deum,
1780 1844 1870 1912 qui
1898 1844 1966 1895 ad
1995 1844 2240 1895 homines

203 1932 306 1984 sub
336 1931 509 1983 forma
535 1929 860 1999 aspectabili
900 1928 1150 1989 accessit,
1192 1927 1358 1978 fuisse
1400 1926 1602 1977 Filium
1631 1944 1724 1977 seu
1755 1926 2018 1990 Verbum,
2048 1944 2238 1978 secun-

203 2015 328 2068 dam
358 2032 431 2067 ΒΞ.
455 2013 743 2065 Trinitatis
768 2031 1088 2081 personam;
1120 2029 1186 2062 ex
1216 2027 1321 2078 quo
1345 2014 1491 2060 recte
1516 2008 1848 2060 concludunt
1873 2008 2240 2076 apparitiones

203 2099 305 2151 sub
336 2104 519 2151 vetere
543 2097 898 2149 Testamento
919 2096 1091 2147 factas
1119 2094 1224 2163 ipsi
1253 2093 1643 2154 Incarnationi,
1670 2109 1790 2160 quae
1818 2092 1872 2142 in
1902 2091 2240 2160 plenitudine

203 2185 468 2254 temporis
515 2182 772 2251 contigit,
821 2181 1051 2232 mirifice
1095 2178 1408 2247 prolusisse.
1467 2177 1624 2227 Hanc
1677 2181 1856 2227 autem
1911 2175 2238 2226 sententiam

202 2272 391 2324 dedita
433 2289 598 2339 opera
640 2267 1016 2338 propugnavit
1066 2263 1573 2326 Vandenbroeek,
1619 2262 1824 2313 Doctor
1869 2261 2239 2323 Lovaniensis,

201 2355 258 2406 in
289 2354 518 2406 Dissert.
547 2351 858 2420 inaugurali
898 2367 1021 2419 quae
1062 2346 1381 2400 inscribitur
1413 2367 1422 2397 :
1455 2345 1530 2396 De
1575 2343 1934 2411 Theophaniis
1960 2341 2051 2393 sub
2083 2346 2241 2393 vetere

207 2439 596 2497 Testament05
665 2435 844 2486 eidem
899 2434 1063 2484 etiam
1117 2430 1525 2497 adstipulantur
1577 2432 1829 2477 auctores
1882 2430 2172 2494 sequentes
2227 2444 2238 2475 ε

204 2521 493 2584 Bossuet,
535 2518 746 2571 Ele'vat.
787 2536 880 2569 sm·
910 2516 982 2567 les
1010 2518 1164 2583 myst.
1200 2513 1285 2563 lOe
1319 2511 1462 2564 Sem.
1493 2513 1547 2562 6θ
1579 2510 1791 2562 Elevat.
1830 2508 1944 2560 Ill.
1987 2507 2239 2569 Beelen,

202 2604 258 2655 in
307 2604 602 2656 Comment.
655 2602 724 2653 ad
772 2602 898 2652 Act.
955 2599 1060 2666 Ap.
1114 2595 1247 2648 VH.
1303 2593 1551 2655 Danlco,
1608 2591 1860 2642 Historia
1911 2589 2242 2642 revelationis

152 2716 158 2720 ·
205 2686 401 2738 divinoe
445 2690 547 2738 vet.
600 2684 760 2747 Test„
810 2701 863 2752 p.
913 2681 1037 2732 220.
1089 2677 1332 2731 Vindob.
1387 2676 1544 2727 1862.
1593 2673 1859 2735 Reinlce,
1908 2672 2128 2724 Dissert.
2183 2672 2243 2723 de

206 2768 395 2820 divina
422 2768 630 2819 Messioe
657 2770 877 2829 natura,
901 2763 1115 2831 adjecta
1141 2759 1359 2828 Exeqesi
1386 2757 1572 2808 critica
1595 2756 1650 2806 in
1673 2755 1831 2806 Isaiae
1854 2754 1975 2806 LII.
2005 2754 2240 2806 Monast.

210 2852 367 2904 1836.
419 2851 486 2903 R.
535 2851 594 2903 Ρ.
646 2846 934 2917 Gaqarin
975 2846 1033 2895 in
1079 2843 1300 2895 miscell.
1345 2839 1543 2891 Ebudes
1588 2838 1896 2905 reliyieuses
1943 2843 2046 2888 etc.
2095 2836 2244 2887 Paris

210 2936 368 2998 1862,
409 2954 462 3004 p.
505 2934 628 2987 843.
667 2932 847 3001 Hujus
887 2934 1070 2981 autem
1109 2925 1286 2977 ultimi
1326 2923 1492 2975 verba
1535 2922 1706 2973 citare
1740 2919 1935 2987 juvat:
1966 2919 2244 2987 Apre‘sent

206 3017 279 3069 les
327 3017 638 3087 interpretes
683 3016 748 3066 cle
796 3012 1080 3065 Z'E'critztre
1126 3008 1295 3059 sainte
1343 3010 1390 3056 et
1438 3005 1491 3055 Za,
1523 3003 1758 3071 plupoert
1800 3001 1889 3051 des
1931 3000 2244 3068 the'oloyiens

204 3102 559 3163 soutiennent,
605 3117 725 3150 avec
772 3096 843 3148 les
879 3094 1035 3145 Peres
1075 3090 1161 3141 des
1192 3088 1452 3158 premiere
1493 3084 1689 3146 siecleS,
1731 3101 1827 3151 que
1866 3101 1943 3133 ces
1983 3081 2242 3151 Anqe‘lo-

87 3168 97 3170 -
196 3183 479 3252 phanies
518 3186 636 3234 sont
665 3180 800 3232 dans
832 3178 874 3229 le
903 3173 1033 3237 fond
1073 3173 1159 3223 cles
1203 3168 1667 3237 TheophanieS,
1708 3169 1760 3215 et
1798 3182 1928 3215 nous
1949 3163 2245 3232 presentent

207 3268 263 3320 la
287 3267 499 3320 seconde
541 3267 805 3318 Personne
844 3263 903 3313 de
947 3261 1001 3312 Za
1039 3258 1210 3310 sainte
1253 3253 1461 3306 Trinite'
1482 3251 1878 3321 appa7·aissant
1919 3267 2024 3300 auae
2065 3247 2242 3298 Patri-

207 3351 406 3404 arches.
432 3351 590 3403 Adde
620 3349 684 3401 R.
709 3349 771 3401 P.
805 3342 1079 3405 Patr-izi,
1110 3341 1186 3392 De
1214 3339 1488 3405 interpret.
1512 3333 1845 3386 oraculorum
1876 3331 1948 3383 ad
1978 3329 2247 3383 Christum»

172 3433 583 3507 ‘pertinentium
614 3430 825 3500 (Romae
856 3426 1054 3493 1853);
1088 3423 1396 3476 Comment.
1427 3420 1482 3482 2,
1517 3434 1562 3469 c.
1598 3417 1646 3468 3.

207 3568 397 3608 exterius
424 3578 510 3618 quo
540 3566 657 3605 Deus
690 3561 968 3616 praesentiam
999 3569 1120 3599 suam
1148 3554 1400 3600 declararet,
1429 3550 1538 3592 adeo
1569 3549 1654 3590 vim
1684 3548 1829 3589 verbis
1859 3547 2003 3587 infert
2035 3546 2084 3586 ut
2123 3544 2239 3584 serio

131 3686 134 3687 ⁷
209 3631 383 3673 defendi
401 3632 581 3673 minime
602 3629 762 3682 possit.
