2430 4030
621 343 811 380 ORATIO
851 346 894 381 S.
937 347 1195 383 STEPHANI
1234 349 1602 388 APOLOGETICA.
2018 341 2114 392 101

732 421 2116 438 Ἣ

28 472 31 473 ’
97 469 376 523 obtulistis
414 473 548 532 mihi
593 474 750 524 annis
794 477 1155 545 quadraginta
1181 481 1236 530 in
1267 481 1502 544 deser-tc,
1532 483 1721 537 domus
1759 485 1962 537 Israel?
1990 490 2022 527 *
2051 487 2121 538 Et
2143 501 2198 541 43

91 554 416 622 ⁴suscepistis
446 555 860 608 tabernaculum
893 559 1128 624 Moloch,
1173 567 1229 612 et
1267 562 1416 615 sidus
1456 565 1557 616 Dei
1598 567 1766 618 vestri
1804 567 2121 636 Rempham,

96 635 322 771 pguraS,
353 654 487 707 quas
515 638 746 702 fecistiS,
774 640 999 693 adorare
1031 661 1139 696 eas.
1171 645 1243 696 Et
1270 646 1588 699 transferam
1631 667 1726 702 vos
1772 658 1917 703 trans
1945 652 2120 722 Baby-

120 738 298 773 onem.

98 953 168 1008 11,
192 956 270 1010 133
294 962 341 1002 et
366 959 414 1001 2⁰
432 957 589 1002 lucida
613 959 720 1002 coeli
746 973 958 1015 corpora,
993 961 1153 1012 solem,
1179 962 1340 1005 lunam
1365 967 1412 1006 et
1435 963 1612 1006 stellas.
1648 963 1942 1020 Metaphora,
1975 971 2076 1007 tum
2100 980 2126 1008 a

98 1038 276 1082 magna
317 1027 566 1071 stellarum
615 1029 938 1080 multitudine,
984 1045 1133 1087 quum
1175 1031 1234 1074 ab
1279 1032 1444 1076 ordine
1486 1032 1690 1076 mirabili
1727 1047 1818 1088 quo
1858 1039 2126 1084 moventur,

97 1095 367 1142 deducitur.
412 1099 596 1145 Ultimo
641 1114 787 1144 sensu
829 1100 906 1144 hic
955 1102 1165 1146 sumitur
1204 1103 1262 1147 de
1298 1104 1574 1147 astrolatria
1614 1118 1695 1147 seu
1740 1104 2012 1148 Sabaeismo.
2051 1104 2127 1147 Ad

98 1167 307 1222 priorem
343 1169 546 1212 maxime
580 1170 982 1226 significationem
1018 1177 1202 1227 spectat
1236 1171 1412 1216 dictio:
1441 1173 1565 1216 Deus
1597 1172 1815 1224 Sabaoth,
1843 1173 1970 1217 Deus
2002 1187 2128 1217 exer-

99 1233 303 1279 cituum.

162 1302 307 1348 Smin
332 1318 563 1350 SCRIPTUM
587 1318 669 1349 ΕΜ
691 1318 742 1349 IN
767 1318 905 1351 LiBRo
930 1319 1290 1351 PRoPHErARnM.
1326 1308 1512 1352 Dicitur
1535 1309 1652 1352 libro
1676 1309 1725 1351 in
1749 1323 1945 1352 numero
1971 1309 2128 1364 singu-

100 1373 205 1426 lari,
238 1380 495 1431 propterea
527 1375 655 1432 quod
689 1375 940 1419 duodecim
976 1376 1229 1432 Prophetae
1261 1377 1469 1421 minores
1495 1378 1608 1421 olim
1633 1379 1760 1434 apud
1785 1378 2013 1421 Hebraeos
2039 1392 2132 1420 uno

19 1460 24 1463 ·
100 1445 466 1489 continerentur
500 1446 757 1489 volumine.
794 1469 846 1475 —
885 1445 1161 1501 Stephanus
1195 1447 1380 1490 Amosii
1418 1447 1564 1491 verba
1596 1446 1656 1497 V,
1688 1447 1820 1491 25-27
1854 1446 2132 1500 (secundum

102 1514 159 1558 '70
205 1514 499 1568 memoriter)
540 1514 701 1566 refert,
743 1519 798 1557 ut
835 1514 1085 1559 Israelitas
1131 1515 1180 1558 in
1226 1515 1484 1559 solitudine
1537 1515 1684 1571 impio
1720 1520 1961 1559 astrorum
2001 1514 2134 1558 cultu

101 1582 288 1628 deditos
319 1584 470 1628 fuisse
505 1584 743 1629 ostendat.
780 1584 1021 1638 NUMQUID
1049 1604 1057 1629 ι
1082 1604 1152 1638 μη,
1187 1585 1314 1643 quod
1346 1586 1405 1629 ad
1438 1584 1834 1641 interrogandum
1866 1583 2133 1633 adhibetur,

101 1653 293 1710 quando
317 1655 567 1710 responsio
593 1654 734 1698 debet
761 1668 865 1698 esse
892 1669 1079 1711 aequus.
1109 1655 1294 1698 Sensus
1329 1656 1480 1711 igitur
1505 1661 1577 1699 est
1603 1674 1612 1699 :
1638 1669 1729 1698 non
1761 1653 1990 1697 obtulistis
2020 1652 2136 1695 mihi

101 1723 336 1774 sacrificia
359 1725 664 1782 praescripta,·
690 1739 803 1768 nam
829 1725 962 1768 falsis
990 1725 1268 1768 numinibus
1295 1727 1514 1769 victimas
1539 1725 1717 1781 pluries
1745 1724 2039 1768 immolastis.

163 1793 234 1838 43.
269 1795 338 1838 Etr
362 1809 448 1851 pro
474 1795 552 1838 sed
575 1814 588 1838 .·
616 1795 676 1839 ad
701 1809 880 1839 morem
913 1794 1240 1839 Hebraeorum.
1269 1796 1367 1852 qui,
1394 1804 1588 1852 propter
1611 1795 1863 1839 verborum
1891 1793 2131 1849 penuriam

64 1863 71 1868 “
105 1863 564 1922 simplicitatemque
599 1865 791 1920 linguae,
818 1864 1151 1921 conjunctione
1183 1866 1287 1921 waf,
1312 1869 1364 1915 et,
1390 1865 1492 1908 loco
1524 1866 1725 1908 aliarum
1759 1878 1883 1918 saepe
1916 1866 2132 1905 utuntur.

108 1933 405 1979 Suscm’rs'ris
435 1948 816 1979 TABERNACULUM
850 1935 1064 1980 Momm.
1100 1936 1340 1992 Suscipere
1366 1954 1378 1978 .-
1405 1942 1714 1988 αναλαμᾶανειν,
1750 1934 1937 1989 proprie
1969 1931 2135 1981 tollere,

104 2005 281 2060 qestare
301 2004 355 2047 iu
378 2003 602 2054 humeros,
628 2004 864 2047 sublatum
870 2005 997 2060 ferre
1019 2019 1119 2047 cum
1142 2019 1323 2061 pompa,
1343 2005 1477 2060 quasi
1498 2005 1543 2046 in
1569 2003 1756 2059 publica
1780 2000 2134 2057 supplicatione.

109 2072 312 2129 Signum
347 2080 508 2117 autem
541 2074 702 2118 cultus
738 2075 946 2117 exterius
983 2075 1180 2130 ponit-ur
1212 2089 1300 2129 pro
1332 2075 1436 2130 ipso
1468 2074 1621 2125 cultu3
1650 2074 1715 2115 ita
1747 2078 1801 2115 ut
1834 2084 2004 2114 sensus
2036 2069 2135 2111 sit:

107 2141 289 2186 Moloch
333 2142 555 2186 coluistis.
598 2142 1006 2194 'PARERNACULUM,
1053 2143 1101 2186 in
1147 2157 1241 2199 quo
1289 2148 1391 2187 erat
1437 2142 1743 2186 simulacrum
1788 2139 1899 2183 idoli
1945 2137 2135 2182 Moloch.

109 2210 351 2256 Fortassis
377 2219 518 2256 erant
541 2212 787 2268 tuguriola
811 2212 1051 2269 quaedam,
1075 2226 1180 2268 quae
1206 2212 1410 2256 Molochi
1433 2211 1787 2267 imagunculam
1809 2207 2134 2258 continebant3

109 2282 269 2340 qualia
293 2286 434 2326 erant
456 2283 629 2326 sacella
656 2283 737 2325 illa
764 2282 931 2326 Dianae
953 2288 1197 2338 argentea,
1220 2283 1277 2325 de
1310 2282 1484 2338 quibus
1519 2283 1626 2324 Act.
1651 2279 1789 2330 XIX,
1813 2280 1884 2330 24;
1912 2285 1959 2321 et
1980 2292 2137 2333 parvae

109 2350 279 2408 figurae
318 2367 402 2397 seu
444 2358 617 2397 statuae
656 2366 774 2408 quas
816 2351 994 2395 Rachel
1033 2350 1168 2405 (Gen.
1204 2350 1392 2402 XXXI,
1425 2350 1499 2404 34)
1534 2348 1865 2393 abscondebat.
1908 2346 2137 2390 Israelitae

110 2419 233 2465 hanc
255 2421 556 2477 impietatem
580 2421 701 2465 clam
726 2426 773 2464 et
797 2420 950 2463 inscio
976 2419 1157 2476 Moyse,
1182 2420 1264 2476 qui
1290 2434 1423 2463 secus
1458 2433 1561 2462 eam
1594 2432 1762 2474 passus
1796 2416 1922 2459 haud
1952 2416 2135 2464 fuisset,

110 2490 366 2546 perfecisse
391 2491 635 2536 videntur.
663 2491 892 2534 Attamen
920 2490 1014 2533 dux
1039 2491 1118 2533 ille
1142 2490 1322 2546 aliquid
1347 2488 1619 2545 hujusmodi
1653 2487 1920 2543 suspicatus
1953 2485 2057 2536 fuit,
2084 2491 2136 2527 ut

101 2560 354 2623 ‘colligitur
385 2576 441 2605 ex
476 2562 628 2606 Levit.
655 2561 824 2612 XVII,
851 2562 894 2613 9,
918 2560 1001 2605 ubi
1027 2560 1246 2616 prohibet
1278 2574 1338 2603 ne
1370 2559 1482 2602 alibi
1516 2573 1657 2615 quam
1690 2557 1749 2600 ad
1781 2555 2136 2600 tabernaculum

112 2624 333 2674 sanctum
374 2630 543 2675 hostiae
577 2630 861 2683 offerantur3
907 2636 1155 2685 praeterea,
1198 2628 1350 2672 Levit.
1393 2627 1586 2678 XVIII,
1630 2627 1699 2677 21,
1738 2626 1918 2669 cultum
1962 2622 2139 2667 Moloch

112 2698 367 2743 manifesto
391 2699 610 2743 damnat.

173 2767 387 2813 MOLOCH.
415 2769 540 2814 Loco
563 2787 633 2812 του
658 2774 824 2822 Μολοχ,
852 2768 982 2826 quod
1007 2767 1184 2812 habent
1218 2767 1272 2813 70
1307 2766 1622 2822 Interpretes,
1647 2765 1694 2807 in
1719 2762 1905 2808 hebraeo
1937 2761 2136 2817 legimus

111 2836 232 2893 reyis
253 2837 392 2882 vestri
414 2856 426 2881 :
455 2838 539 2882 sed
561 2851 734 2881 sensus
760 2837 924 2882 eodem
952 2837 1142 2887 recidit,
1164 2850 1274 2880 nam
1299 2834 1530 2890 propheta
1562 2842 1687 2876 certe
1719 2831 1943 2885 intelligit
1975 2843 2137 2874 eorum

115 2921 276 2964 regem
316 2909 576 2959 coelestem,
608 2921 788 2951 numen
825 2908 953 2964 quod
993 2907 1234 2963 praecipuo
1275 2905 1406 2949 cultu
1447 2903 1811 2948 venerabantur.
1847 2898 2022 2943 Moloch
2054 2913 2137 2942 seu

113 2977 282 3022 melech
304 2978 354 3022 in
379 2979 560 3035 linguis
583 2978 902 3022 orientalibus
931 2992 1014 3020 seu
1049 2977 1277 3019 semiticis
1313 2974 1549 3030 significat
1570 2973 1682 3023 Rem,
1706 2986 1798 3029 quo
1821 2971 2010 3015 nomine
2033 2968 2137 3011 falsi

115 3045 182 3091 dii
204 3046 422 3091 solebant
442 3047 618 3099 vocari,
639 3047 690 3090 in
716 3046 884 3102 primis
918 3046 1116 3089 deorum
1153 3058 1384 3087 summus.
1410 3043 1589 3086 Eadem
1624 3043 1720 3084 fere
1751 3038 2034 3095 significatio
2065 3043 2138 3079 est

114 3121 325 3166 nominis
363 3120 491 3166 Baal
529 3135 614 3165 seu
650 3120 752 3171 Bel,
785 3121 815 3163 i.
850 3134 888 3164 e.
929 3119 1174 3163 Dominus.
1208 3116 1391 3162 Moloch
1423 3120 1583 3159 autem
1615 3122 1718 3157 erat
1759 3111 2139 3155 Ammonitarum

59 3217 63 3219 Α
117 3189 538 3248 Moabitarumque
571 3205 767 3242 numen,
793 3191 842 3233 in
865 3188 1002 3244 cujus
1035 3188 1263 3232 honorem
1298 3186 1394 3229 vivi
1426 3182 1825 3228 comburebantur
1848 3180 1980 3236 pueri
2009 3177 2139 3231 (hev.

67 3302 70 3303 γ
95 3258 314 3313 XVIII,
335 3262 412 3315 213
438 3261 550 3313 XX,
575 3260 636 3316 2).
663 3260 816 3304 Extra
848 3258 1133 3308 Jerusalem,
1167 3257 1214 3299 in
1242 3255 1361 3299 valle
1384 3254 1608 3303 Hinnom,
1632 3249 1946 3295 abominanda
1969 3249 2048 3291 illa
2071 3261 2140 3290 sa·

120 3329 301 3375 crificia
317 3331 606 3388 quandoque
623 3330 749 3374 facta
768 3337 885 3374 sunt
904 3328 978 3382 (cf.
1000 3330 1027 3370 4
1044 3327 1162 3382 Reg.
1182 3324 1348 3375 XVII,
1370 3325 1440 3375 17;
1462 3323 1566 3367 coll.
1586 3320 1778 3372 XXIII,
1797 3320 1890 3374 10);
1911 3318 2020 3361 inde
2034 3330 2142 3371 sup-

36 3442 38 3444 ,
99 3399 319 3458 plinium
341 3401 470 3458 ignis
495 3401 622 3455 (cum
647 3401 789 3444 vivus
815 3398 1013 3443 ardebat
1038 3396 1195 3450 homo)
1217 3397 1264 3438 in
1283 3393 1544 3448 Evangelio
1569 3395 1762 3435 vocatur
1781 3388 1987 3446 ychenna
2006 3385 2143 3442 tynis,

120 3469 152 3515 i.
176 3483 216 3515 c.
242 3469 370 3526 ignis
401 3468 656 3520 dev-orans,
688 3468 844 3526 qualis
868 3467 980 3511 olim
1005 3466 1097 3510 fuit
1122 3465 1172 3507 in
1195 3462 1311 3507 valle
1338 3461 1488 3516 (hebr.
1521 3475 1586 3516 qe,
1613 3461 1642 3503 i.
1669 3474 1708 3503 e.
1731 3457 1887 3511 vallis)
1925 3455 2142 3500 Hin‘nowu

0 3546 4 3547 ’
122 3551 210 3583 seu
240 3538 440 3584 Ennom.
471 3537 598 3585 Vide
633 3537 806 3584 Oomm.
839 3542 990 3581 nostr.
1024 3550 1058 3579 s.
1092 3531 1262 3578 Matth.
1296 3529 1354 3582 V,
1387 3530 1458 3581 22,
1492 3529 1536 3572 3⁸
1560 3528 1648 3579 ed„
1680 3542 1720 3571 a.
1755 3524 2027 3570 1880-1882.

23 3588 30 3594 ⁹
181 3607 448 3666 Raurmu,
467 3612 524 3654 ut
545 3609 595 3652 in
616 3607 718 3653 cod.
745 3608 802 3660 D,
826 3607 900 3652 vel
922 3603 1135 3662 Rompha
1155 3606 1211 3646 ut
1235 3602 1284 3644 in
1306 3601 1406 3645 eod.
1432 3600 1484 3651 Β,
1503 3599 1585 3643 sed
1609 3599 1765 3654 potius
1788 3595 1995 3653 Rephan,
2018 3591 2141 3650 q¹¹⁰d

2003 3665 2026 3708 7
