2430 4030
623 328 922 366 coNveasio
968 328 1242 375 SAMARIAE3
1287 330 1450 364 SIMON
1492 329 1689 365 MAcus.
2083 316 2176 365 lll

51 454 462 546 {f‘existimasti
507 464 736 535 pecunia
778 463 1065 530 possideri.
1119 468 1150 503 >¹<
1199 463 1324 514 Non
1373 469 1457 516 est
1505 464 1607 535 tibi
1649 482 1794 532 parS,
1844 482 2021 532 neque
2063 481 2182 515 sors
2206 467 2258 506 21

137 551 190 603 in
237 567 482 602 sermone
532 549 640 598 isto
688 567 697 597 :
746 563 839 597 cor
887 545 1031 596 enim
1081 551 1235 596 tuum
1283 564 1392 596 non
1442 552 1527 597 est
1571 552 1778 598 rectum
1822 563 2003 597 coram
2047 545 2180 597 Deo,

139 635 172 674 *
212 630 589 684 Poenitentiam
633 629 817 697 itaque
858 646 961 696 age
999 628 1066 678 ab
1108 626 1207 678 hac
1244 628 1489 697 nequitia
1529 634 1622 679 tua.
1664 648 1673 679 ε
1718 633 1774 678 et
1812 645 1946 695 roga
1991 627 2180 691 Deum,
2208 636 2262 673 22

62 779 66 781 μ
138 717 184 766 si
209 715 348 766 forte
377 713 687 764 remittatur
727 711 829 762 tibi
869 711 985 762 haec
1027 711 1291 779 cogitatio
1333 711 1514 763 cordis
1557 712 1656 764 tui.
1698 715 1731 752 ³¹<
1773 712 1838 761 In
1882 711 2006 761 felle
2035 711 2179 760 enim
2209 719 2263 757 23

138 796 530 859 amaritudiniS,
571 800 626 846 et
666 793 1007 862 obligatione
1035 794 1344 863 iniquitatis
1385 795 1544 846 video
1587 802 1640 846 te
1681 813 1818 847 esse.
1861 798 1894 834 ²¹<
1935 794 2180 862 Respon-
2209 807 2264 845 24

137 881 489 932 dens-autem
528 878 734 941 Simon,
777 877 960 928 dixit:
1008 877 1312 928 Precamini
1355 897 1450 929 vos
1490 896 1590 947 pro
1632 897 1716 930 me
1757 878 1825 929 ad
1868 877 2183 941 Dominum,

84 955 198 1015 ''ut
237 961 372 1013 nihil
422 961 605 1013 veniat
654 978 817 1028 super
865 978 949 1011 me
994 960 1210 1022 horum,
1261 977 1383 1029 quae
1433 960 1674 1013 dixistis,

141 1168 470 1232 poenitentiam
497 1189 593 1219 non
617 1179 731 1230 agat
756 1173 939 1218 Simon.
965 1173 1147 1218 Eodem
1171 1173 1313 1217 modo
1336 1172 1631 1229 explicandae
1657 1178 1772 1216 sunt
1806 1172 2182 1228 imprecationes

139 1251 187 1291 et
218 1245 580 1297 exsecrationeS,
605 1259 713 1302 quae
746 1245 796 1288 in
832 1244 1036 1287 Psalmis
1062 1243 1207 1288 toties
1232 1250 1509 1295 occurrunt,
1535 1259 1577 1287 v.
1604 1257 1678 1299 gr.
1707 1242 1964 1287 Deleantur
1987 1243 2041 1286 de
2064 1242 2182 1286 libro

140 1315 402 1362 viventium.
432 1316 505 1360 ps.
533 1315 770 1367 LXVIII,
796 1316 870 1367 29;
898 1315 955 1359 cf.
982 1315 1127 1359 etiam
1157 1315 1266 1358 Act.
1297 1315 1388 1369 Ap.
1415 1314 1453 1365 I,
1492 1314 1563 1365 20,
1597 1319 1645 1357 et
1680 1319 1896 1358 nostram
1920 1312 2108 1357 Introd.
2134 1313 2182 1356 in

63 1405 66 1406 ⁷
140 1385 243 1429 libr.
275 1386 341 1428 ps.
366 1384 391 1440 ξ
414 1386 454 1436 9,
484 1385 507 1428 Ι
533 1386 602 1438 (2³
628 1385 738 1437 ed.).

92 1463 94 1465 ’
196 1454 263 1498 21.
288 1453 392 1498 Non
429 1467 507 1498 EST
538 1467 633 1498 '11131
666 1467 780 1498 PARS
812 1466 862 1497 IN
896 1465 1114 1496 SERMONE
1148 1464 1261 1506 15T0,
1298 1451 1382 1495 hac
1407 1452 1459 1495 in
1484 1467 1544 1496 re.
1575 1452 1662 1496 Per
1686 1452 2015 1495 hebraismum
2039 1467 2184 1496 sermo

138 1523 188 1566 in
214 1538 250 1567 s.
279 1523 529 1580 Scriptura
559 1539 687 1580 saepe
714 1524 919 1581 ponitur
941 1537 1028 1579 pro
1049 1537 1108 1566 re.
1136 1522 1196 1565 In
1222 1521 1310 1566 hoc
1330 1526 1493 1565 autem
1513 1522 1758 1566 idiotismo
1778 1521 1984 1565 habetur
2003 1523 2184 1577 species

140 1593 358 1651 quaedam
381 1594 726 1645 translationis,
750 1608 842 1651 qua
865 1594 1061 1637 effectus
1088 1607 1174 1648 pro
1196 1607 1339 1636 causa
1366 1593 1680 1648 exprimitur:
1709 1592 1885 1636 etenim
1910 1607 1965 1635 ex
1988 1606 2038 1635 re
2061 1592 2184 1636 facta

141 1672 404 1710 nascuntur
426 1667 551 1710 inter
577 1666 794 1710 homines
822 1680 1066 1709 sermones
1094 1672 1140 1708 et
1164 1665 1323 1716 verba,
1365 1665 1540 1721 quibus
1567 1680 1642 1708 res
1670 1670 1910 1709 narratur.
1938 1665 2013 1708 Ad
2038 1665 2184 1708 finem

141 1734 283 1792 hujus
309 1736 540 1791 opusculi,
561 1750 646 1791 per
670 1735 864 1779 modum
890 1734 1243 1778 dissertationis
1264 1735 1370 1777 fuse
1388 1735 1655 1790 explicatur
1673 1734 1949 1789 hujusmodi
1969 1734 2186 1779 hebrais-

142 1818 263 1855 mus,
278 1803 328 1848 in
346 1804 516 1848 Bibliis
538 1805 817 1863 frequenter
833 1805 1017 1857 obvius,
1028 1819 1123 1861 quo
1144 1819 1284 1848 voces
1307 1804 1530 1848 mentales
1552 1819 1639 1860 pro
1656 1804 1861 1848 realibus
1875 1803 2184 1849 adhibentur.

203 1873 272 1916 22.
316 1875 720 1918 POENITENTIAM...
762 1887 867 1918 ΑΘΕ.
902 1874 970 1918 Ut
1003 1889 1148 1918 versu
1183 1875 1404 1931 sequenti
1437 1874 1726 1926 videbimus,
1763 1874 1930 1919 Simon
1964 1882 2187 1932 peccator

140 1950 241 1989 erat
263 1945 608 2001 gravissimus:
638 1947 763 1990 hunc
789 1952 950 1989 tamen
977 1945 1036 1988 ad
1063 1946 1427 1990 conversionem
1461 1945 1750 1989 adhortatur
1778 1961 1814 1989 s.
1842 1946 2029 1990 Petrus.
2054 1946 2187 2002 Ergo

141 2015 318 2058 nemini
349 2029 591 2072 umquam,
626 2030 686 2059 ne
719 2015 1054 2072 perditissimo
1090 2014 1286 2072 quidem
1324 2015 1522 2066 homini,
1548 2030 1657 2070 spes
1684 2017 1837 2060 veniae
1861 2016 2066 2071 praecisa
2088 2021 2184 2067 est3

143 2090 204 2136 et,
239 2084 468 2141 quamdiu
501 2090 725 2129 versatur
759 2087 869 2144 quis
903 2086 952 2128 in
987 2086 1076 2129 hac
1109 2085 1302 2129 mortali
1337 2086 1449 2137 vita,
1489 2100 1678 2141 semper
1710 2086 1893 2142 gaudet
1915 2086 2073 2142 gratia
2096 2085 2185 2129 Dei

146 2153 414 2206 sufficienti,
450 2169 534 2211 pro
566 2155 668 2200 loco
702 2162 749 2201 et
783 2164 1018 2212 tempore;
1054 2157 1097 2199 si
1129 2170 1224 2200 non
1258 2156 1466 2212 proxime
1500 2156 1774 2207 sufficienti,
1802 2157 1974 2200 saltem
2005 2159 2186 2206 remote,

146 2236 252 2279 qua,
277 2223 315 2266 si
339 2223 454 2266 velit
487 2223 529 2267 ei
562 2230 779 2269 mutuam
813 2239 1009 2281 operam
1042 2224 1275 2275 conferre,
1302 2225 1479 2267 salvari
1514 2225 1683 2280 possit.
1712 2225 2020 2281 Quapropter
2052 2225 2187 2269 nullo

145 2305 370 2349 umquam
393 2293 442 2335 in
467 2307 581 2337 casu
606 2294 961 2351 desperandum
988 2301 1077 2338 est.
1103 2318 1155 2324 -
1183 2293 1237 2338 S1
1263 2306 1405 2337 rome
1429 2307 1732 2338 REMITTATUR
1754 2308 1851 2338 'rim
1873 2307 1976 2338 HAEC
2000 2307 2184 2338 coemi-

143 2373 217 2404 Ήο
241 2373 400 2406 conms
425 2375 517 2407 TUI.
543 2363 754 2409 Dubium
787 2365 907 2409 iliud
935 2365 995 2419 (si
1007 2365 1149 2421 forte)
1178 2364 1319 2415 cadit,
1343 2379 1440 2407 non
1476 2365 1523 2406 in
1560 2364 1730 2416 Deum,
1755 2371 1920 2408 utrum
1947 2364 2182 2408 condona-

145 2435 282 2474 turus
307 2433 370 2476 sit
395 2432 578 2479 Simoni
605 2450 713 2480 vere
745 2436 1027 2492 poenitenti;
1055 2435 1137 2478 sed
1172 2436 1220 2477 in
1255 2434 1414 2490 ipsum
1455 2434 1713 2485 Simonem,
1739 2440 1918 2485 utrum,
1944 2434 2183 2491 pessimus

145 2513 253 2544 cum
287 2503 350 2546 sit
382 2502 485 2559 ejus
517 2505 722 2556 animus,
755 2514 954 2549 acturus
989 2505 1053 2549 sit
1087 2519 1251 2548 veram
1290 2505 1642 2559 poenitentiam.
1677 2504 1796 2560 Ejus
1830 2506 1993 2562 itaque
2024 2505 2185 2548 innuit

144 2569 431 2616 libertatem.

205 2639 276 2683 23.
298 2641 356 2684 ΙΝ
378 2655 519 2685 FELLE
544 2656 903 2694 AMARITumms,
926 2644 979 2686 in
992 2643 1108 2701 felle
1130 2657 1316 2694 amaro;
1341 2642 1400 2685 ad
1427 2657 1607 2687 morem
1643 2643 1979 2694 Hebraeorum,
2003 2644 2102 2700 qui,
2125 2642 2184 2687 ob

150 2711 396 2763 penuriam
429 2712 792 2768 adjectivorum,
827 2714 1000 2757 horum
1036 2714 1137 2758 loco
1173 2713 1482 2757 substantiva
1514 2713 1742 2756 adhibere
1777 2715 1946 2757 solent.
1982 2714 2065 2757 Fel
2100 2727 2186 2767 per

146 2780 474 2835 metaphoram
513 2783 636 2838 sign.
668 2787 918 2840 peccatum.
952 2782 1307 2840 improbitatem,
1342 2790 1396 2826 ut
1432 2783 1512 2827 Os.
1547 2783 1664 2833 XII,
1701 2784 1756 2827 14
1793 2784 1860 2827 Ad
1882 2783 2183 2826 iracundiam

146 2847 323 2905 (inquit
349 2850 600 2906 Dominus)
634 2868 702 2896 me
731 2854 995 2909 provocavit
1027 2852 1264 2903 Ephraim
1296 2853 1347 2895 iu
1380 2853 1783 2896 amaritudinibus
1815 2852 1933 2902 suis;
1959 2858 2006 2895 et
2043 2853 2183 2895 Deut.

144 2916 330 2965 XXIX,
361 2919 412 2962 18
437 2919 507 2964 Ne
520 2921 690 2977 forte...
715 2923 776 2966 sit
800 2923 922 2966 inter
946 2937 1020 2966 vos
1040 2922 1177 2965 radim
1202 2922 1546 2978 gyermiriansfel
1568 2926 1609 2964 et
1631 2921 2007 2968 arriam‘tudiuem.
2034 2920 2184 2964 Recte

144 2998 299 3030 autem
343 2990 410 3032 ita
448 2997 644 3034 vocatur
683 3003 946 3048 peccatum,
981 2992 1093 3047 quia
1132 3006 1343 3034 amaram
1385 2992 1595 3043 (malam)
1640 2991 1798 3034 reddit
1837 2990 2179 3034 conscientiam

145 3066 192 3099 et
227 3055 374 3102 Deum
411 3061 676 3105 exacerbat.
708 3063 871 3119 Igitur
901 3063 954 3106 iu
979 3062 1095 3119 felle
1130 3062 1474 3105 amaritudinis
1509 3063 1632 3118 sign.
1659 3063 1710 3105 iri
1736 3077 1920 3106 summa
1951 3062 2183 3119 nequitia.

148 3123 242 3169 Sed
274 3142 427 3183 graece
458 3136 531 3175 est
563 3150 615 3176 εις
644 3138 772 3187 χολην
810 3135 944 3185 (nota
979 3132 1345 3183 accusativum),
1371 3132 1424 3174 in
1445 3132 1532 3188 fel,
1560 3133 1621 3175 ad
1641 3132 1712 3188 fel
1746 3147 1963 3176 amarum
1985 3133 2115 3177 video
2145 3135 2184 3176 te

145 3208 236 3238 esse
256 3215 270 3239 .-
297 3215 348 3240 εις
371 3212 479 3242 cum
503 3214 596 3244 acc.
614 3200 841 3257 jungitur
867 3201 1015 3245 verbo
1039 3201 1215 3258 quietis
1241 3201 1384 3253 (esse),
1407 3201 1518 3256 quia
1553 3207 1715 3244 mente
1749 3201 2073 3258 supplendum
2108 3205 2183 3245 est

143 3263 341 3309 verbum
365 3275 522 3312 motu·
547 3288 556 3313 ε
580 3271 710 3314 video
737 3274 777 3314 te
799 3286 890 3316 esse
916 3271 966 3314 in
988 3270 1196 3313 mamma
1222 3270 1376 3313 animi
1396 3270 1646 3326 pravitate.
1669 3274 1709 3314 et
1732 3286 1866 3314 ruere
1897 3271 1951 3314 in
1973 3270 2183 3328 pravita-

143 3337 242 3380 tem.
266 3336 444 3382 Eodem
471 3341 609 3385 modo
633 3343 816 3400 explica
844 3355 898 3386 ar
920 3354 1229 3386 ommniour.
1256 3354 1560 3393 INIQUITATIS,
1587 3361 1639 3388 εις
1664 3348 1901 3396 συνδεσμον,
1928 3342 1980 3386 in
2005 3342 2182 3398 obliqa·

146 3404 329 3457 tionem,
349 3407 403 3451 iu
422 3409 660 3455 vinculum
681 3431 694 3455 .-
721 3412 860 3456 video
884 3418 931 3455 te
954 3411 1200 3468 iniquitati
1223 3410 1492 3466 alligatum,
1518 3411 1654 3466 quasi
1680 3417 1987 3467 peecatorum
2013 3411 2178 3456 vincu-

86 3474 89 3475 ’
145 3471 204 3515 lis
226 3473 439 3533 undique
462 3480 794 3524 constrictum.

204 3541 275 3585 24.
313 3542 494 3590 Puchra
534 3548 728 3603 quidem
773 3563 926 3599 sensa,
973 3549 1013 3591 si
1060 3548 1246 3592 sincera
1292 3548 1512 3599 fuissent,
1556 3556 1604 3593 et
1648 3563 1703 3592 ex
1745 3563 1859 3593 vera
1891 3549 2181 3593 contritione

65 3668 70 3672 .
145 3609 325 3670 elicita:
349 3612 450 3667 sed,
471 3619 595 3660 teste
613 3615 813 3661 historia
838 3616 1173 3668 ecelesiastica,
1208 3616 1376 3661 Simon
1407 3617 1557 3661 animi
1579 3617 1811 3661 malitiam
1835 3630 1930 3660 non
1953 3616 2178 3660 mutavit.

68 3683 87 3704 ,.
