2430 4030
158 317 227 367 26
649 329 996 367 mraonuorio
1037 331 1093 365 m
1133 329 1296 365 Ac'rus
1335 329 1728 366 APOS'I'OLORUM.

233 465 289 513 2⁰
333 462 568 513 'Pextum
610 467 793 512 autem
837 460 1065 511 Actu-um
1107 460 1500 529 primigenium
1543 461 1723 513 adhuc
1765 466 2003 525 exstare,
2045 467 2120 526 et,
2163 464 2212 515 si

160 566 282 618 quae
328 547 527 598 menda
568 547 624 597 in
668 564 730 596 eo
775 545 905 607 sint,
956 563 1018 596 ea
1071 562 1168 613 per
1221 545 1442 614 regulas
1497 564 1644 598 sanae
1697 547 1915 598 critices
1969 548 2208 616 corrigi3

157 631 329 699 igitur
370 629 439 680 ad
488 629 695 681 fontem
749 628 1009 681 accedere
1062 647 1172 680 non
1227 633 1443 680 tantum
1499 629 1683 692 licere,
1737 629 1836 682 sed
1883 630 2048 682 etiam
2095 631 2213 683 fieri

157 730 339 782 posse.

229 797 283 846 3⁰
327 795 591 859 Tandem,
639 796 694 846 in
748 794 988 863 Vulgata
1037 801 1243 859 nostra,
1293 813 1414 863 quae
1470 795 1714 865 alioquin
1766 796 2105 862 doctissima,
2153 805 2211 850 et

157 881 304 931 omni
333 880 686 931 veneratione
728 879 1053 948 dignissima
1093 885 1198 941 est,
1241 896 1514 949 quamque
1555 879 1641 931 vel
1682 880 1790 949 ipsi
1831 879 2212 933 Protestantes

158 964 361 1016 sinceri
408 981 744 1032 magnopere
789 963 1066 1014 extollunt
1117 962 1216 1030 (l),
1271 963 1502 1031 reperiri
1559 964 1820 1015 nonnulla
1871 964 2011 1028 loca,
2067 961 2208 1034 quae,

159 1047 263 1098 etsi
309 1046 491 1097 nullus
539 1047 615 1098 ibi
659 1047 731 1097 sit
778 1047 1120 1115 perniciosus
1176 1064 1328 1097 error
1375 1047 1431 1097 in
1483 1047 1648 1098 rebus
1701 1047 1832 1098 fidei
1875 1052 1931 1098 et
1978 1066 2212 1113 morum,

160 1130 463 1181 secundum
503 1134 715 1180 textum
758 1148 998 1197 graecum
1040 1129 1344 1197 prudenter
1390 1129 1458 1180 ab
1499 1129 1802 1198 interprete
1842 1131 2209 1200 corrigantur,

161 1217 531 1286 perficiantur,
585 1218 894 1267 accuratius
948 1222 1252 1281 vertantur,
1302 1215 1502 1284 majore
1558 1235 1680 1268 cum
1727 1218 1781 1268 vi
1829 1218 2213 1286 exprimantur

160 1306 325 1369 atque
371 1300 614 1367 apertius
660 1300 972 1368 clariusque
1019 1304 1386 1367 exponantur.
1436 1299 1521 1350 Ex
1565 1300 2040 1363 annotationibus,
2089 1319 2212 1370 quae

158 1405 256 1454 per
309 1386 598 1437 decursum
651 1386 1031 1437 commentarii
1095 1385 1257 1454 hujus
1322 1385 1630 1448 tradentur,
1696 1386 1855 1437 facile
1922 1386 2212 1438 concludet

160 1470 552 1539 unusquisque,
610 1469 945 1521 differentias
994 1470 1114 1520 illas
1167 1470 1311 1520 inter
1358 1475 1651 1538 utrumque
1700 1475 1934 1532 textum,
1978 1470 2210 1521 latinum

159 1558 214 1604 et
242 1571 499 1622 graecum,
547 1554 867 1621 plerumque
914 1553 1214 1604 levissimas
1254 1570 1391 1615 esse,
1441 1570 1606 1621 quum
1648 1553 1881 1620 ipsemet
1918 1552 2210 1604 verborum

161 1654 371 1700 sensus,
420 1637 611 1686 saltem
660 1636 804 1704 quod
852 1654 1034 1686 rerum
1082 1635 1452 1686 substantiam
1500 1635 1721 1697 attinet,
1764 1653 1886 1685 raro
1930 1641 2208 1700 mutetur3

160 1738 427 1789 nusquam
459 1727 641 1770 autem
671 1738 759 1770 eas
782 1720 923 1770 tanti
948 1737 1067 1770 esse
1093 1719 1374 1782 momenti,
1397 1724 1454 1769 ut
1482 1719 1538 1767 in
1567 1718 1732 1769 rebus
1761 1717 1891 1768 fidei
1920 1723 1974 1768 et
2003 1737 2213 1770 morum

162 1804 433 1856 diversam
479 1804 778 1854 exhibeant
822 1803 1143 1854 doctrinam.
1193 1802 1491 1870 Praecipuae
1548 1801 1692 1851 enim
1748 1800 2133 1869 discrepantiae
2184 1821 2213 1854 e

163 1888 492 1940 lectionibus
523 1887 863 1939 variantibus
893 1886 1141 1938 codicum
1187 1887 1685 1955 manuscriptorum
1728 1884 2014 1946 oriuntur3
2061 1891 2116 1935 et
2144 1903 2212 1936 ex

161 1972 261 2023 hac
290 1979 463 2040 parte,
494 1977 554 2021 ut
584 1971 911 2032 videbimUS,
958 1969 1215 2037 Vu'lgatae
1244 1968 1403 2019 lectio
1434 1968 1655 2018 lectioni
1685 1971 1871 2017 textus
1901 1967 2088 2034 graeci,
2120 1969 2212 2036 qui

161 2056 416 2123 Receptus
459 2055 677 2116 dicitur,
728 2072 872 2121 saepe
917 2052 1256 2121 praeferenda
1296 2061 1397 2103 est.
1445 2050 1654 2102 Oeterae
1697 2067 1824 2101 vero
1865 2049 2207 2114 differentiae,

161 2139 249 2192 vel
277 2140 529 2190 humanae
572 2138 890 2205 interpretis
934 2136 1257 2198 infirmitati,
1309 2136 1395 2185 vel
1440 2135 1588 2184 vario
1631 2135 1942 2201 linguarum
1984 2134 2210 2202 ingenio

162 2240 455 2291 earumque
502 2221 905 2289 imperfectioni
953 2220 1173 2280 nativae,
1224 2217 1603 2269 adscribendae
1647 2222 1808 2268 sunt:
1856 2217 2002 2267 unde
2043 2216 2106 2267 fit
2151 2223 2210 2268 ut

161 2307 366 2376 quaevis
394 2305 592 2366 versio,
618 2304 968 2372 quantumvis
998 2303 1204 2369 optime
1228 2301 1524 2362 elaborata,
1554 2318 1768 2368 semper
1797 2306 1977 2350 tamen
2000 2319 2030 2350 a
2054 2308 2209 2351 textu

163 2388 491 2458 primigenio
519 2386 767 2437 nonnihil
798 2386 1036 2436 deficiat.

235 2471 476 2535 Quatuor
520 2470 823 2538 praesertim
869 2474 996 2518 sunt
1044 2466 1299 2518 utilitatis
1346 2466 1608 2528 rationeS,
1651 2482 1772 2534 quae
1813 2465 1868 2514 in
1911 2465 2095 2516 studio
2137 2483 2210 2535 ss.

164 2555 472 2607 Literarum
511 2553 579 2603 ad
619 2553 944 2620 scripturam
983 2550 1221 2601 auctoris
1261 2549 1632 2600 authenticam
1673 2554 1992 2599 constanter
2030 2567 2211 2600 recur-

163 2656 282 2690 rere
309 2637 559 2688 suadent.
596 2635 707 2685 Eas
734 2641 918 2685 autem
948 2633 1137 2702 paucis
1166 2632 1517 2695 enumerabO,
1562 2650 1624 2683 ac
1654 2632 2000 2699 singularum
2029 2649 2208 2683 exem-

162 2723 311 2791 plum
339 2739 408 2772 ex
438 2719 652 2770 Actibus
680 2719 979 2769 desumam.
1019 2716 1203 2784 Igitur
1248 2721 1462 2767 textum
1506 2734 1747 2783 graecum
1791 2717 2075 2767 consulere
2105 2716 2209 2767 uti-

163 2807 432 2858 lissimum
463 2808 546 2853 est
575 2823 584 2853 ε

238 2892 288 2939 1⁰
328 2888 407 2940 Ut
449 2885 838 2939 vocabulorum
882 2890 936 2935 et
981 2883 1298 2945 dictionum,
1346 2899 1468 2951 quae
1521 2881 1576 2932 in
1628 2881 1875 2950 Vulgata
1927 2882 2208 2951 leguntur,

161 2971 588 3042 significationes
617 2974 672 3020 et
698 2967 1064 3037 proprietates
1107 2966 1299 3017 melius
1353 2966 1726 3034 percipiantur
1757 2973 1957 3030 mente,
1988 2965 2208 3018 univer-

160 3075 326 3126 saque
353 3053 614 3106 orationis
651 3053 820 3103 series
860 3051 973 3102 suis
1013 3049 1251 3101 nexibus
1292 3049 1475 3117 aptius
1521 3059 1900 3118 componatur.
1944 3048 2100 3114 Quod
2147 3055 2211 3099 ut

159 3139 550 3206 intelligamus,
614 3132 1163 3186 animadvertendum
1228 3137 1332 3193 est,
1389 3132 1713 3200 plerumque
1765 3132 2025 3200 majorem
2090 3150 2212 3183 esse

162 3224 452 3277 verborum
496 3222 606 3273 vim
653 3226 708 3271 et
750 3218 1152 3271 accurationem
1199 3217 1256 3267 in
1307 3216 1582 3284 scriptura
1630 3216 1822 3285 quavis
1861 3216 2212 3284 primigenia,

165 3325 324 3376 quam
351 3306 407 3356 in
435 3304 686 3357 versione
715 3301 1067 3372 quantumvis
1097 3300 1340 3368 optima3
1391 3304 1679 3368 praeterea,
1709 3318 1827 3350 eam
1858 3317 1977 3350 esse
2006 3300 2213 3368 linguae

163 3406 379 3458 graecae,
408 3404 515 3456 qua
542 3403 671 3436 usus
699 3391 784 3435 est
812 3383 1006 3446 Lucae,
1051 3381 1293 3433 indolem
1322 3380 1622 3450 propriam,
1661 3386 1723 3432 ut
1749 3381 1920 3433 latino
1949 3381 2210 3443 sermoni,

225 3547 289 3600 (1)
313 3535 916 3598 KE1L,Einz.enc.18-=.59‚§
947 3541 1028 3586 197
1050 3494 1216 3597 aperte
1240 3539 1421 3584 fatetur
1442 3537 1712 3596 Vulgatam
1739 3542 1960 3584 nostram
1982 3542 2010 3562 ‘⁶
2037 3552 2207 3584 omnes

163 3617 408 3664 versiones
430 3614 652 3670 antiquas
674 3622 722 3656 et
746 3616 1005 3656 accat-itate
1029 3615 1076 3655 et
1098 3609 1330 3654 fidelitate
1355 3623 1607 3666 superare.
1650 3608 1677 3628 '’
