2430 4030
284 258 383 308 110
597 241 600 244 ⁴
734 258 737 259 ’
802 265 963 301 Aeros
1001 263 1395 311 APOSTOLORUM,
1437 247 1601 311 VIII,
1645 247 1794 299 1-25.

143 391 150 401 ⁴
202 414 253 456 17
279 409 311 444 *
353 403 504 453 Tunc
543 397 902 467 imponebant
943 413 1136 446 manus
1176 413 1341 464 super
1387 396 1526 458 illos,
1568 402 1624 447 et
1666 395 2013 465 accipiebant
2052 395 2318 464 Spiritum

278 491 545 538 sanctum.

200 580 253 618 18
350 573 382 609 >¹<
432 566 565 619 Cum
612 564 842 616 vidisset
884 568 1066 613 autem
1119 560 1306 612 Simon
1356 562 1481 629 quia
1526 579 1625 630 per
1669 561 2076 630 impositionem
2131 578 2324 612 manus

278 650 666 719 Apostolorum
722 646 944 696 daretur
1001 644 1240 711 Spiritus
1293 651 1535 707 sanctus,
1601 644 1803 695 obtulit
1868 644 1946 694 eis
2012 643 2320 711 pecuniam,

200 746 252 784 19
276 739 307 775 >¹<
338 735 523 785 dicens
554 752 563 782 z
601 731 738 781 Date
766 735 821 779 et
850 728 983 778 mihi
1010 727 1148 777 hanc
1177 733 1527 795 potestatem,
1561 732 1621 778 ut
1648 727 1971 796 cuicumque
2009 727 2322 795 imposuero
2391 748 2394 749 ⁷

276 834 483 878 manus,
513 814 740 882 accipiat
773 811 1041 879 Spiritum
1071 816 1339 862 sanctum.
1384 811 1578 862 Petrus
1618 816 1802 862 autem
1843 810 1984 862 dixit
2024 810 2094 861 ad
2135 828 2259 861 enm
2305 830 2316 862 ε

199 905 307 946 20*
348 899 584 950 Pecunia
625 903 716 946 tua
756 901 936 945 tecum
980 894 1053 945 sit
1095 892 1150 943 in
1198 892 1563 961 perditionem
1604 915 1614 946 ε
1661 894 1918 963 quoniam
1965 893 2169 944 donum
2217 892 2319 943 Dei

272 1100 413 1145 dictis
438 1099 685 1156 colligitur
711 1097 789 1140 hic
813 1110 908 1139 non
935 1108 1138 1151 prorsus
1162 1094 1287 1138 idem
1318 1094 1582 1152 significari
1611 1108 1666 1139 ac
1691 1108 1839 1151 supra
1858 1094 1927 1147 II,
1947 1093 2017 1146 38,
2037 1093 2119 1138 ubi
2141 1093 2321 1151 legitur

273 1190 337 1214 επι
359 1185 468 1214 cum
493 1169 686 1213 dativo;
714 1167 773 1210 cf.
800 1171 961 1209 annot.
986 1164 1046 1208 ad
1072 1164 1137 1207 ill.
1168 1166 1197 1208 l.

331 1242 400 1285 17.
427 1241 749 1283 AcmPisBANT
779 1237 1017 1281 Srnurmn
1041 1247 1275 1286 SANCTUM‚
1298 1249 1361 1279 sc.
1392 1235 1563 1290 gratiae
1591 1233 1938 1279 sanctificantis
1964 1234 2320 1277 incrementum

271 1315 333 1359 aol
355 1314 508 1366 robur,
532 1314 591 1357 ad
617 1326 845 1370 pugnam,
872 1317 943 1361 ut,
967 1310 1048 1366 qui
1072 1319 1216 1353 antea
1243 1315 1379 1353 erant
1403 1309 1587 1353 Christi
1611 1307 1975 1366 discipuli,jam
2001 1308 2173 1352 fierent
2199 1306 2323 1350 mili-

271 1391 362 1438 tes;
398 1399 502 1443 quae
534 1385 692 1442 gratia
726 1381 944 1438 specialis
986 1385 1059 1423 est
1104 1379 1402 1425 Sacramenti
1443 1380 1841 1437 Con-firmationis.
1890 1378 2223 1422 Pulcherrime
2263 1376 2323 1421 de

269 1457 358 1501 hoc
399 1457 706 1500 Sacramento
747 1452 1074 1497 Tertullianus
1119 1450 1217 1503 (lib.
1255 1451 1313 1493 de
1353 1451 1550 1494 Resurr.
1597 1452 1770 1503 carnis,
1812 1465 1914 1505 cap.
1960 1448 2109 1504 VIII)
2137 1467 2146 1492 ι
2184 1448 2320 1500 Caro,

269 1525 439 1583 inquit,
472 1524 677 1581 utantur,
710 1526 761 1566 ut
785 1522 949 1565 anima
983 1523 1266 1563 consecretur
1300 1539 1313 1563 .·
1350 1536 1456 1564 earo
1489 1520 1724 1577 siqnatum
1748 1524 1800 1564 ut
1832 1519 1994 1564 anima
2029 1518 2278 1562 muniatur
2300 1538 2313 1562 .-

269 1611 374 1639 caro
407 1609 574 1638 ‘manas
607 1592 901 1649 impositione
933 1589 1242 1634 adumbratur
1276 1593 1325 1632 at
1359 1591 1523 1633 anima
1557 1589 1746 1646 Spiritu
1767 1588 2082 1633 illuminetur.
2111 1586 2316 1643 Recepe-

269 1671 384 1709 runt
406 1665 548 1707 etiam
577 1661 883 1711 Samaritani,
910 1659 1317 1717 quemadmodum
1345 1660 1550 1715 apostoli
1578 1659 1645 1710 ΙΙ,
1674 1661 1717 1710 4,
1742 1659 1953 1716 aliquam
1986 1658 2190 1715 qratiam
2213 1672 2316 1714 yra-

268 1735 328 1778 tis
359 1735 534 1784 elatam,
566 1732 758 1790 aliquod
794 1730 1009 1787 Spiritus
1045 1744 1079 1772 s.
1116 1729 1295 1772 donnm
1330 1729 1621 1786 aspectabile,
1657 1729 1896 1787 siquidem
1930 1729 1981 1773 in
2015 1744 2060 1774 v.
2093 1727 2316 1785 sequenti

268 1805 444 1850 dicitur
472 1803 638 1847 Simon
664 1802 833 1846 vidisse
856 1801 970 1859 qaia
991 1800 1186 1844 daretur
1211 1799 1425 1857 Spiritus
1448 1804 1651 1844 sanctas.

328 1877 482 1921 Locus
520 1884 593 1919 est
634 1876 935 1931 oloqmaticus,
973 1888 1083 1931 quo,
1124 1878 1293 1917 contra
1337 1873 1685 1925 Protestantes,
1727 1872 1950 1918 doctrina
1984 1871 2220 1916 catholica
2255 1871 2314 1915 de

273 1947 580 1992 Sacramento
599 1945 992 1990 Confirmationis
1011 1943 1259 2000 probatur.
1280 1943 1610 2000 Quaestionem
1628 1944 1942 1988 amandamus
1960 1942 2021 1987 ad
2041 1941 2316 1999 theologiam

271 2015 589 2073 doymatieam,
622 2014 707 2057 hac
742 2014 842 2057 sola
873 2014 998 2057 facta
1030 2013 1384 2065 observatione,
1410 2027 1435 2057 e
1457 2013 1652 2058 silentio
1689 2028 1726 2057 S.
1761 2012 1903 2056 Lucae
1927 2011 2314 2056 concludendum

273 2101 367 2130 non
390 2100 507 2135 esse,
532 2084 808 2127 unctionem
832 2099 865 2126 s.
894 2082 1178 2127 Christianis
1196 2082 1255 2125 ab
1274 2083 1506 2138 apostolis
1526 2082 1796 2126 adhibitam
1817 2096 1911 2126 non
1929 2082 2092 2125 fuisse.
2118 2079 2313 2124 Etenim

271 2156 502 2200 familiare
524 2162 596 2197 est
620 2153 936 2209 scriptoribus
963 2154 1129 2202 sacris,
1155 2153 1428 2207 praesertim
1457 2153 1617 2204 Lucae,
1641 2154 1724 2210 qui
1758 2152 1936 2210 ubique
1958 2151 2188 2196 brevitati
2215 2156 2314 2194 stu·

271 2225 352 2269 det
375 2226 450 2278 (ut
470 2223 676 2267 diximus
710 2224 757 2265 in
790 2222 1139 2266 Introductione
1172 2221 1231 2265 ad
1255 2221 1301 2265 h.
1325 2221 1519 2273 librum,
1544 2227 1570 2280 ξ
1600 2225 1686 2276 14),
1712 2237 1787 2266 res
1812 2222 2065 2278 plurimas,
2087 2219 2315 2278 conjungi

272 2296 451 2345 solitas,
479 2309 563 2350 per
588 2295 926 2350 compendium
952 2293 1304 2349 perstringere,
1330 2307 1425 2335 una
1449 2296 1640 2336 tantum
1666 2306 1910 2350 expressa.
1937 2291 2017 2336 Sic
2043 2292 2150 2335 Act.
2170 2289 2312 2341 VIII,

272 2365 326 2408 37
350 2372 575 2407 narratur
599 2363 889 2407 Eunuchum
918 2362 1217 2417 baptizatum
1239 2362 1391 2406 fuisse
1416 2369 1671 2419 postquam
1697 2362 1900 2406 dixisset
1923 2380 1932 2405 ε
1963 2361 2106 2407 Credo
2130 2359 2314 2405 Filium

271 2435 360 2480 Dei
383 2449 471 2478 esse
493 2435 673 2485 Jesam3
695 2434 881 2476 nullum
907 2440 1066 2477 tamen
1092 2432 1292 2476 dubium
1311 2439 1401 2484 est,
1421 2433 1539 2490 quin
1561 2433 1653 2476 alia
1678 2441 1857 2488 praeter
1880 2431 2002 2476 illud
2026 2431 2136 2475 fidei
2156 2431 2314 2486 capita

274 2502 488 2559 profiteri
510 2501 743 2545 debuerit.

331 2572 402 2615 19.
440 2571 483 2614 A
522 2570 709 2615 Simone
748 2585 901 2626 mago,
954 2570 1036 2626 qui
1076 2574 1368 2626 potestatem
1408 2569 1683 2614 conferendi
1742 2569 1979 2626 Spiritum
2020 2583 2073 2621 s.,
2114 2568 2312 2627 ejusque

271 2640 559 2686 charismata
582 2641 885 2691 miraculosa,
910 2655 994 2696 per
1019 2654 1250 2683 manuum
1275 2640 1656 2695 impositionem,
1683 2646 1730 2684 et
1756 2641 1883 2698 quod
1916 2639 2028 2684 inde
2061 2639 2310 2696 consequi-

271 2719 352 2754 tur
396 2710 626 2754 Ordinem
669 2710 1055 2766 dignitatemque
1100 2709 1441 2765 episcopalem,
1482 2711 1687 2767 pecunia
1725 2724 1882 2755 emere
1923 2709 2094 2762 voluit,
2134 2723 2309 2753 nomen

273 2782 493 2828 Simonioe
517 2782 700 2838 accepit
724 2788 970 2838 peccatum
993 2779 1131 2831 illud,
1149 2794 1244 2836 quo
1270 2781 1378 2837 quis
1405 2781 1620 2825 studiose
1641 2781 1775 2838 cupit
1796 2795 1954 2826 emere
1975 2786 2059 2824 aut
2082 2779 2310 2832 vendere,

273 2854 426 2907 pretio
448 2853 714 2907 temporali,
733 2851 913 2907 aliquid
938 2850 1179 2906 spirituali
1208 2865 1451 2894 annexum
1495 2851 1661 2907 Qualis
1684 2860 1732 2896 et
1755 2858 1935 2910 quanta
1957 2852 2006 2894 in
2031 2850 2118 2894 hac
2141 2849 2308 2895 volun-

271 2927 370 2966 tate
393 2922 574 2966 malitia
597 2921 676 2972 sit,
700 2920 937 2976 explicant
963 2919 1172 2974 theologi
1196 2920 1407 2972 morales,
1433 2920 1516 2964 ubi
1542 2920 1599 2964 de
1626 2922 1834 2978 peccatis
1859 2920 2033 2966 virtuti
2058 2919 2307 2976 religionis
2407 2974 2411 2975 ⁷

270 2993 518 3047 oppositis,
543 2999 687 3047 atque
714 2989 949 3045 imprimis
973 2989 1031 3033 de
1054 2988 1422 3045 irreliqiositate,
1447 2991 1715 3047 disputant.
2367 2987 2369 2989 ’

329 3062 399 3104 20.
433 3062 637 3104 Pacuius
661 3073 751 3104 TUA
774 3072 933 3103 Tsenti
955 3071 1024 3103 sn*
1047 3071 1097 3102 IN
1122 3071 1457 3111 mammonam,
1483 3060 1536 3104 ob
1564 3060 1684 3105 hanc
1705 3064 1835 3105 tuam
1863 3059 2112 3118 pecuniam
2132 3058 2307 3116 qravis-
2385 3053 2402 3089 -’

271 3128 391 3172 sima
431 3130 646 3185 afficiaris
683 3144 839 3186 poena.
889 3129 1188 3185 Praeponitur
1230 3142 1333 3172 voc.
1372 3130 1587 3185 pecunia,
1634 3131 1746 3188 quia
1788 3130 1878 3174 hoc
1921 3128 2305 3186 indignationem

271 3199 491 3254 Apostoli
538 3199 747 3253 proxime
784 3198 975 3242 excitat.
1027 3199 1195 3242 Petrus
1236 3205 1399 3243 autem
1443 3198 1629 3244 Simoni
1670 3199 1793 3244 male
1832 3205 2076 3256 precatur,
2113 3212 2212 3243 non
2248 3211 2305 3242 ex

270 3267 342 3310 ira
362 3273 412 3311 et
435 3267 557 3319 odio,
583 3268 710 3324 quod
735 3282 841 3311 cum
870 3282 912 3312 v.
941 3268 997 3311 22
1025 3274 1279 3325 pugnaret,
1305 3269 1391 3311 sed
1423 3283 1479 3312 ex
1510 3283 1672 3313 amore
1697 3269 1906 3326 justitiae
1940 3275 1990 3313 et
2019 3267 2304 3324 religionis:
2370 3268 2375 3271 ⁷

271 3343 325 3380 ut
350 3337 494 3393 digne
519 3339 747 3392 puniatur
773 3342 962 3381 tantum
987 3338 1246 3394 flagitium,
1268 3343 1416 3396 atque
1441 3339 1560 3383 adeo
1581 3340 1730 3384 ceteri
1760 3353 1787 3383 a
1821 3339 1907 3384 tali
1929 3346 2125 3395 peccato
2148 3337 2304 3382 deter·

270 3411 486 3457 reantur3
514 3407 665 3462 igitur
690 3407 973 3452 charitatem
997 3408 1259 3452 fraternam
1285 3422 1381 3452 non
1403 3409 1554 3462 laedit,
1577 3409 1694 3467 quin
1717 3410 1881 3467 potius
1905 3424 2009 3454 eam
2037 3423 2150 3455 vere
2173 3409 2323 3453 exer-‘

271 3480 360 3519 cet.
395 3474 577 3520 Sensus
610 3482 711 3521 est:
743 3477 871 3521 Male
899 3491 1072 3534 pereas,
1106 3478 1201 3523 nisi
1232 3479 1493 3537 resipiscas.
1529 3478 1624 3525 Alii
1654 3480 1986 3539 imperativum
2022 3494 2109 3538 pro
2134 3480 2304 3538 futuro

271 3542 483 3599 positum
505 3558 609 3589 esse
631 3545 907 3601 opinantur,
929 3554 977 3592 et
999 3548 1166 3593 dicunt
1191 3564 1228 3593 s.
1258 3550 1458 3595 Petrum
1487 3550 1747 3606 praedicere
1773 3550 1890 3609 quid
1910 3550 2131 3595 futurum
2156 3550 2238 3602 sit,
2261 3546 2303 3592 ni
