2430 4030
253 278 358 328 296
713 289 1053 326 DISSERTATIO
1096 291 1169 325 Vll
1209 291 1266 326 IN
1303 291 1465 329 Acrus
1503 293 1900 335 ArosroLORUM.

969 368 2297 395 -Ἣ

251 423 563 476 christianae
592 423 875 491 religionis
904 428 1131 476 vocetur
1167 426 1461 496 episcopm,
1493 448 1712 500 semper
1754 437 1809 484 et
1850 433 2054 503 ubique
2099 435 2304 487 intelli-

249 507 466 578 gendus
494 508 566 558 sit
593 506 846 558 sacerdos
875 507 1038 576 primi
1068 509 1295 573 ordinis,
1343 516 1398 562 et
1427 513 1520 582 qui
1552 514 1767 567 dicatur
1806 517 2082 587 presbyter
2127 536 2303 571 sacer-

178 613 183 616 *
250 592 349 644 dos
378 590 605 644 secundi
634 590 862 642 ordinis.

322 675 391 742 A)
431 673 735 725 Difficultas
763 678 946 723 autem
971 673 1148 725 minor
1172 679 1255 726 est
1278 677 1424 745 quod
1447 678 1649 732 attinet
1672 681 1740 733 ad
1764 699 1960 734 nomen
1976 683 2301 752 presbyteri:

248 777 373 810 nam
421 763 632 810 certum
678 757 838 808 nobis
887 756 1123 819 videtur,
1169 758 1304 810 illud
1351 762 1735 817 sacerdotibus
1774 766 1940 834 primi
1982 772 2037 819 et
2078 767 2307 820 secundi

248 840 457 894 ordinis
486 858 772 892 commune
800 857 939 903 esse,
970 858 1114 891 nunc
1147 839 1242 893 hos
1274 860 1420 895 nunc
1460 844 1583 897 illos
1626 846 1945 917 designans,
1979 849 2034 902 S.
2063 849 2306 902 Joannes

248 927 278 976 2
309 943 392 993 ep.
424 924 469 987 Ι,
504 924 527 973 1
561 928 616 974 et
645 923 675 974 3
706 941 790 991 ep.
823 923 869 987 Ι,
902 924 926 973 1
960 923 1195 992 ipsemet
1226 943 1283 976 se
1313 932 1471 978 vocat
1497 940 1791 989 πρεσευτερον;
1821 949 1862 983 s.
1898 932 2094 984 Petrus
2121 938 2306 985 autem

250 1010 274 1058 1
309 1007 468 1075 epist.
499 1005 568 1070 V,
603 1007 625 1056 1
658 1017 1020 1063 συμπρεσὲυτερον.
1058 1006 1081 1056 l
1117 1007 1255 1059 Tim.
1286 1007 1386 1073 IV,
1419 1011 1485 1061 14
1519 1010 1654 1063 Cum
1682 1013 2020 1082 impositio-ne
2049 1032 2305 1066 ‘manuum

250 1113 317 1137 rou
348 1101 644 1148 πρεσςυτεριου,
673 1089 1056 1158 presbyterium
1087 1089 1403 1158 significare
1431 1093 1653 1146 videtur
1691 1096 1984 1164 collegium
2022 1097 2304 1168 episcopo-

247 1194 368 1227 rum
397 1181 452 1227 et
479 1175 927 1244 presbyterorum
958 1173 1051 1242 qui
1080 1173 1136 1224 id
1168 1176 1430 1244 temporis
1462 1176 1668 1246 Ephesi
1697 1179 1942 1232 aderant.

322 1260 389 1328 B)
423 1259 616 1311 Nodus
647 1258 965 1328 quaestionis
994 1259 1046 1308 in
1077 1260 1297 1310 nomine
1326 1261 1560 1331 episcopi
1588 1268 1841 1315 versatur
1873 1285 1883 1316 :
1913 1270 2093 1317 utrum
2125 1265 2221 1335 qui
2247 1265 2305 1316 in

249 1361 391 1396 novo
431 1343 786 1394 Testamento
814 1343 891 1394 ita
919 1342 1285 1411 appellantur,
1316 1361 1533 1414 semper
1572 1347 1930 1417 intelligendi
1972 1350 2083 1400 sint
2123 1366 2303 1401 sacer-

249 1426 410 1479 dotes
437 1425 599 1495 primi
629 1425 857 1477 ordinis,
923 1425 929 1431 ’

322 1511 699 1562 Protestantes
745 1509 1065 1579 plerumque
1111 1515 1319 1575 tenent,
1369 1530 1480 1575 eos,
1528 1514 1620 1582 qui
1663 1515 1719 1565 in
1759 1532 1902 1567 novo
1950 1516 2304 1568 Testamento

249 1599 516 1647 vocantur
545 1592 787 1662 episcopi,
819 1593 888 1644 ad
918 1612 1083 1643 unum
1114 1593 1477 1664 eumdemque
1508 1597 1784 1664 pertinere
1812 1596 2060 1650 ordinem
2091 1617 2152 1650 ac
2185 1599 2306 1650 illos

252 1678 345 1747 qui
370 1676 666 1745 presbyteri
696 1676 972 1739 dicuntur,
1002 1676 1136 1727 adeo
1167 1681 1227 1727 ut
1255 1677 1400 1728 inter
1429 1684 1692 1749 utrosque
1739 1681 1890 1732 nulla
1918 1682 1991 1732 sit
2018 1682 2306 1750 potestatis

250 1765 343 1813 aut
371 1760 577 1811 ordinis
607 1759 932 1812 differentia.
959 1759 1116 1824 Quod
1139 1760 1359 1829 quidem
1383 1765 1637 1831 sequenti
1663 1764 1820 1817 modo
1843 1765 2078 1833 probare
2107 1783 2306 1817 conan-

250 1851 341 1897 tur
373 1865 382 1896 :
414 1842 468 1912 as
509 1844 602 1914 qui
647 1846 769 1894 Act.
803 1844 907 1912 Ap.
938 1843 1063 1908 XX,
1097 1844 1165 1895 28
1195 1866 1423 1902 ππππππππππ
1458 1846 1626 1898 iidem
1657 1866 1706 1901 v.
1741 1847 1806 1900 17
1837 1859 2093 1907 πρεσδυτεροι
2119 1850 2305 1918 appel-

254 1930 463 1991 lantur;
509 1928 716 1997 pariter
756 1927 863 1980 Tit.
908 1929 953 1992 Ι,
997 1928 1109 1980 5-7.
1153 1927 1214 1997 bs
1258 1930 1471 1982 Pluries
1516 1932 1726 1985 mentio
1766 1933 1828 1984 fit
1858 1933 1926 1985 de
1954 1933 2224 2003 episcopis
2252 1938 2307 1984 et

252 2010 517 2074 diaconis,
548 2009 763 2062 omissis
790 2011 1163 2079 presbyteris5
1197 2013 1290 2082 qui
1319 2018 1503 2066 tamen
1533 2015 1811 2084 praeteriri
1839 2018 1954 2067 non*
1976 2014 2306 2084 potuissent,

257 2095 300 2146 si
344 2112 531 2146 eorum
571 2094 706 2145 ordo
745 2094 813 2145 ab
855 2094 1045 2145 ordine
1086 2096 1473 2166 episcoporum
1517 2099 1771 2151 diversus
1811 2099 2026 2163 fuisset,
2055 2098 2123 2150 cf.
2167 2098 2306 2150 Phil.

256 2179 301 2242 Ι,
339 2177 952 2242 131Tim.111,1-10.

335 2260 605 2312 Catholici
647 2265 830 2312 autem
867 2261 921 2310 in
958 2261 1059 2312 hac
1089 2263 1392 2331 quaestione
1421 2265 1597 2317 varias
1626 2270 1946 2335 proponunt
1980 2263 2307 2328 sententiae,

263 2363 384 2416 quae
414 2344 483 2396 ad
510 2349 623 2396 tres
651 2345 955 2413 praecipuas
984 2346 1172 2398 reduci
1209 2354 1460 2416 possunt.

332 2432 383 2481 1a
428 2431 746 2493 SENTENTIA,
801 2448 899 2499 pro
954 2449 1059 2499 qua
1105 2433 1308 2484 citatur
1347 2452 1390 2486 s.
1434 2434 1768 2487 EP1PHAN1US
1823 2434 2047 2501 (Hoeres,
2098 2432 2183 2496 75,
2230 2433 2309 2500 5),

258 2515 524 2566 PETAVIUS
569 2514 734 2579 (Diss.
780 2514 916 2577 cccl„
962 2515 1006 2577 Ι,
1055 2518 1101 2579 1,
1150 2522 1205 2566 et
1245 2517 1321 2568 De
1362 2518 1477 2569 eccl.
1528 2518 1850 2570 Hierarchia
1899 2517 1941 2569 Ι.
1974 2517 2054 2584 2),
2117 2516 2312 2569 Es'rms

260 2597 484 2665 (Gomon.
534 2598 592 2648 in
641 2598 664 2647 1
721 2597 861 2648 Tim.
911 2598 1022 2661 ΙΙΙ,
1074 2599 1125 2666 8)
1179 2605 1305 2663 etc„
1355 2601 1611 2653 universe
1658 2602 1892 2653 affirmat
1939 2602 2039 2654 sub
2089 2599 2310 2653 nomine

257 2681 617 2750 episcoporum
658 2698 875 2750 semper
912 2681 1308 2750 intelligendos
1352 2701 1471 2736 esse
1513 2684 1830 2736 sacerdotes
1863 2684 2030 2754 primi
2070 2683 2306 2747 ordinis;

256 2765 477 2816 eosdem
522 2768 705 2815 autem
741 2764 1072 2832 presbyteros
1113 2765 1276 2816 etiam
1320 2767 1523 2831 vocari,
1571 2773 1688 2819 tum
1717 2767 1931 2820 ratione
1960 2767 2162 2832 aetatis,
2190 2771 2307 2818 tum

259 2848 472 2900 ratione
501 2846 793 2899 sacerdotii
821 2848 967 2917 quod
995 2848 1196 2900 eximie
1226 2849 1469 2903 habent:
1514 2856 1576 2902 ut
1607 2851 1733 2903 Act.
1765 2851 1889 2916 XX,
1925 2850 2006 2904 17.
2039 2850 2112 2902 Et
2139 2867 2307 2919 quum

256 2931 445 2999 plures
497 2930 574 2982 ibi
627 2936 1002 2982 memorentur
1055 2932 1298 3001 episcopi
1353 2933 1603 2986 ecclesiae
1658 2933 1976 3003 Ephesinae,
2032 2949 2310 3003 quumque

263 3012 431 3079 (Phil.
478 3013 523 3076 Ι,
582 3014 632 3079 1)
687 3014 988 3082 Apostolus
1042 3015 1248 3067 salutet
1298 3017 1589 3085 episcopos
1649 3015 1726 3084 (in
1786 3015 2006 3084 plurali)
2064 3015 2310 3068 ecclesiae
2397 3059 2420 3062 ⁴⁷

259 3096 714 3164 Philippensium:
738 3096 827 3147 alii
849 3097 1115 3165 pluralem
1137 3097 1306 3150 istum
1327 3116 1616 3150 numerum
1639 3098 1922 3167 explicant
1945 3098 2012 3150 de
2034 3096 2311 3168 episcopis

257 3179 560 3230 vicinarum
589 3180 904 3244 civitatum3
948 3181 1057 3245 alii,
1097 3181 1242 3233 inter
1282 3199 1418 3252 quos
1461 3182 1724 3235 Petavius
1769 3182 1942 3249 (Diss.
1981 3181 2154 3234 eccles,
2183 3181 2231 3233 I.
2262 3181 2311 3244 1,

256 3283 374 3333 cap.
399 3267 451 3328 2,
473 3285 526 3317 n.
550 3266 623 3332 1),
647 3267 944 3334 opinantur
973 3267 1157 3335 plures
1185 3268 1371 3332 fuisse,
1395 3286 1457 3320 ea
1486 3273 1842 3338 tempestate,
1872 3269 1930 3320 in
1958 3286 2065 3320 una
2091 3267 2312 3320 civitate

257 3348 566 3400 sacerdotes
608 3349 774 3416 primi
823 3349 1051 3402 ordinis.
1098 3351 1327 3413 Deinde,
1377 3369 1445 3402 ex
1492 3369 1555 3403 eo
1602 3351 1751 3420 quod
1798 3370 1839 3403 s,
1891 3349 2092 3403 Paulus
2141 3349 2310 3418 (Phil.

255 3431 301 3494 I'
339 3433 390 3495 l;
426 3433 447 3482 1
482 3432 618 3484 Tim'
651 3433 759 3496 ΠΙ)
792 3434 904 3499 1“8)
940 3434 1008 3485 ab
1039 3435 1299 3503 episcopis
1327 3435 1397 3487 ad
1425 3435 1673 3487 diaconos
1705 3439 1968 3499 transeat,
1993 3435 2143 3487 nulla
2169 3433 2313 3486 facta
2380 3402 2430 3441 5

255 3516 532 3567 mentione
561 3514 627 3567 de
645 3516 986 3585 presbyteris,
1011 3517 1268 3587 quodque
1296 3518 1404 3570 Tit.
1434 3519 1481 3583 Ι,
1507 3518 1538 3569 5
1568 3518 1719 3571 dicat
1745 3517 2163 3571 constituendos
2189 3533 2312 3568 esse
2351 3552 2354 3554 -
2389 3516 2403 3578 j

253 3616 350 3666 per
376 3598 627 3651 civitates
643 3598 990 3666 presbyterOS,
1013 3605 1069 3651 et
1091 3617 1217 3652 mox
1240 3619 1288 3652 v.
1316 3598 1344 3651 7
1368 3600 1587 3653 eosdem
1611 3606 1672 3653 ut
1702 3601 1968 3671 episcopos
1992 3598 2273 3653 describat
2294 3617 2308 3650 z
