2430 4030
863 307 1157 344 convsnsm
1200 309 1458 346 nunnoni.
2083 295 2181 346 113

64 452 71 509 j
133 430 442 496 ‘Jerusalem
479 441 534 491 in
579 438 781 491 Gazam
829 460 838 491 :
883 439 1000 492 haec
1047 446 1132 491 est
1172 440 1404 493 deserta.
1450 446 1486 500 *.
1523 442 1594 493 Et
1636 459 1869 512 surgens
1909 444 2064 495 abiit.
2109 444 2181 496 Et
2203 453 2256 493 27

7 550 29 558 ·
71 513 98 550 ³,
136 542 261 579 ecce
300 525 382 576 vir
419 522 680 592 AEthiops
720 523 1020 586 eunuchus,
1062 530 1260 592 potens
1305 523 1576 577 Gandacis'
1601 527 1805 594 reginae
1832 526 2179 596 AEthiopum‚

13 629 81 634 ·
138 609 227 680 qui
267 613 384 660 erat
422 624 587 675 super
625 624 814 658 omnes
855 624 1020 674 gazas
1062 606 1196 674 ejus,
1239 616 1464 658 venerat
1505 609 1730 660 adorare
1760 611 1812 660 in
1844 610 2176 662 Jerusalem:

137 695 171 734 *
209 696 264 743 et
302 689 682 742 revertebatur
721 690 919 741 sedens
949 708 1114 758 super
1153 708 1371 741 currum
1414 708 1590 752 suum,
1634 693 1932 762 legensque
1980 693 2179 744 Isaiam
2203 699 2256 736 28

134 773 476 844 prophetam.
507 775 540 811 *
576 771 728 822 Dixit
755 778 936 823 autem
970 771 1206 840 Spiritus
1242 773 1493 842 Philippo
1525 795 1535 825 z
1582 774 1814 838 Accede,
1845 781 1899 826 et
1939 775 2179 844 adjunge
2203 785 2256 824 29

127 862 189 919 ,te
226 856 293 909 ad
334 874 554 908 currum
595 855 781 907 istum.
825 860 856 896 *
903 859 1209 907 Accurrens
1251 867 1430 908 autem
1481 858 1786 927 Philippus,
1816 859 2024 911 audivit
2058 878 2179 910 eum
2203 869 2257 907 30

19 939 83 1021 ,ᾗ
131 937 406 1008 legentem
457 938 655 989 Isaiam
706 939 1048 1007 prophetam,
1098 945 1154 990 et
1201 939 1344 990 dixit
1397 961 1406 991 :
1455 940 1693 992 Putasne
1735 943 2004 1010 intelligis
2059 960 2181 1012 quae

134 1203 280 1260 polim
326 1203 671 1260 pertransibat.
704 1204 824 1248 Haec
855 1209 1019 1248 autem
1053 1205 1295 1249 sententia
1343 1205 1449 1248 ideo
1481 1205 1601 1248 mihi
1636 1207 1791 1262 magis
1824 1206 2020 1259 arridet,
2053 1207 2180 1264 quod

133 1273 315 1318 notatio
337 1273 418 1317 illa
440 1272 499 1317 de
525 1272 654 1317 Gaza
678 1279 869 1319 vastata
892 1274 953 1318 ad
979 1288 1178 1329 scopum
1198 1274 1488 1319 narrationis
1515 1275 1633 1317 nihil
1668 1275 1822 1318 faeere
1855 1276 2090 1320 videatur.

37 1338 54 1403 f
190 1343 260 1388 27.
294 1343 574 1396 EUNUCHUS„
596 1343 656 1388 ab
679 1363 772 1398 ευνη
794 1343 959 1396 cubile,
986 1350 1032 1389 et
1059 1363 1140 1398 εχω
1158 1359 1280 1396 curo,
1307 1359 1425 1401 ergo
1448 1348 1596 1388 custos
1624 1345 1739 1396 lecti,
1760 1344 2074 1389 cubicularius
2098 1347 2182 1404 qui

94 1412 404 1457 -cubiculum
447 1413 630 1471 reginae
677 1414 754 1458 vel
797 1414 960 1458 uxoris
1008 1415 1327 1466 custodiebat,
1374 1415 1480 1457 aliis
1529 1414 1703 1466 verbis,
1742 1415 1823 1472 qui
1859 1430 2083 1473 gynecaeo
2120 1417 2183 1468 (le

131 1483 328 1536 Hare‘m)
357 1488 460 1528 erat
485 1485 808 1541 praepositus;
838 1485 950 1528 inde
985 1484 1304 1529 cubicularius
1337 1485 1606 1542 generatim
1639 1485 1832 1530 dictus:
1867 1500 2018 1542 germ.
2055 1486 2180 1530 kam-

42 1544 66 1598 ³J
134 1567 290 1598 merer.
355 1553 496 1605 Cum,
560 1553 608 1597 in
665 1553 866 1599 Oriente
921 1556 1209 1611 praesertim,
1263 1555 1487 1599 Eunuchi
1543 1555 1822 1599 cubicularii
1875 1557 2179 1612 gravissimis

45 1676 48 1677 1
132 1622 414 1667 muneribus
453 1624 835 1678 praeficerentur,
874 1639 1143 1683 regumque
1183 1626 1444 1670 consiliarii
1485 1632 1532 1669 et
1571 1625 1782 1669 ministri
1817 1640 1921 1669 esse
1956 1627 2179 1678 solerent,

47 1700 51 1702 ’
133 1690 246 1736 hinc
269 1692 447 1752 factum
473 1699 562 1745 est,
589 1702 644 1738 ut
662 1694 765 1738 haec
788 1709 878 1738 vox
902 1696 1172 1751 generatim
1197 1694 1493 1752 significaret
1516 1695 1788 1739 ministrum
1814 1695 2035 1740 aulicum.
2070 1695 2180 1741 Non

82 1754 85 1758 ’
133 1766 324 1816 oportet
348 1764 620 1807 necessario
641 1777 751 1807 eum
775 1764 1007 1807 eviratum
1029 1765 1243 1820 cogitare
1268 1765 1454 1821 (quales
1488 1772 1625 1808 erant
1658 1766 1706 1807 in
1742 1764 1953 1815 Oriente,
1987 1771 2034 1809 et
2067 1771 2183 1810 sunt

132 1828 405 1883 hodiedum,
429 1831 524 1875 viri
549 1832 631 1876 isti
654 1834 735 1890 qui
760 1834 938 1877 Harem
962 1834 1280 1887 custodiunt),
1315 1849 1425 1877 nam
1460 1833 1579 1878 Gen.
1615 1834 1852 1885 XXXIX,
1890 1836 1909 1877 1
1948 1834 2182 1891 Putiphar

134 1897 313 1943 dicitur
338 1905 552 1954 Ευνουχος,
575 1903 798 1959 quamvis
826 1918 1024 1946 uxorem
1059 1904 1271 1947 haberet.

195 1971 369 2017 Porsns
414 1974 672 2027 GANDACIS,
717 1989 909 2020 neema:
952 1969 1227 2021 AEm'iorfflz.
1277 1978 1470 2022 Potens:
1508 1982 1714 2030 δυναστης,
1749 1976 2065 2034 magistratus
2100 1991 2184 2022 seu

135 2041 358 2088 minister
389 2044 649 2100 primarius
685 2047 933 2100 (flandrice
967 2068 977 2092 .·
1010 2063 1090 2091 een
1123 2047 1551 2105 riyksbestzcurder),
1584 2062 1757 2103 nempe
1791 2047 2018 2091 thesauro
2052 2048 2184 2103 regio

68 2127 70 2129 ’
137 2111 422 2169 praefectus:
457 2116 571 2171 gall.
605 2116 670 2160 Le
702 2117 916 2161 ministre
949 2118 1025 2162 des
1048 2118 1275 2174 finances.
1313 2118 1527 2162 anzdace
1558 2122 1720 2161 autem
1764 2131 1937 2161 nomen
1982 2124 2086 2163 erat
2132 2131 2186 2160 ea

136 2186 279 2227 aetate
302 2185 526 2233 omnihus
548 2185 812 2244 AEthiopiae
840 2189 1106 2244 superioris
1132 2203 1215 2232 seu
1244 2188 1405 2233 Meroe
1431 2188 1616 2244 reginis
1640 2201 1906 2231 commune.

195 2251 426 2299 VENBRAT
459 2267 677 2300 ADORARE
712 2259 884 2314 supple
929 2259 1093 2311 Deum,
1134 2260 1182 2302 in
1225 2259 1405 2315 templo
1448 2258 1867 2315 Jerosolyrnitano.
1909 2258 2012 2302 Iter
2057 2262 2184 2302 certe

142 2332 416 2381 susceperat
440 2331 495 2370 ut
520 2327 585 2371 ibi
613 2329 903 2373 sacrificium
931 2330 1032 2374 Deo
1056 2345 1169 2374 vero
1189 2330 1398 2381 offerret,
1418 2343 1567 2385 quum
1590 2329 1680 2372 sub
1700 2334 1860 2372 vetere
1878 2329 2186 2373 Testamento

97 2431 105 2440 .
135 2392 185 2437 id
206 2394 319 2439 alibi
343 2395 502 2441 facere
525 2413 622 2442 non
648 2398 814 2444 liceret
849 2400 1012 2454 (Deut.
1049 2400 1189 2452 XIV,
1224 2400 1279 2444 23
1312 2401 1420 2457 sq)
1455 2399 1664 2449 Etenim,
1699 2399 1737 2441 si
1773 2399 1926 2441 Deum
1962 2398 2184 2454 precibus

135 2463 335 2510 adorare
361 2472 552 2512 tantum
578 2470 829 2522 voluisset,
855 2471 1015 2516 ubivis
1040 2472 1255 2515 locorum
1283 2471 1333 2514 id
1358 2484 1593 2528 peragere
1619 2471 1870 2525 potuisset,
1887 2484 1972 2512 nec
1990 2483 2184 2513 necesse

136 2534 309 2582 fuisset
333 2544 388 2583 ut
417 2547 598 2584 tantam
635 2541 919 2587 institueret
954 2543 1410 2599 peregrinationem.
1447 2541 1575 2584 Huic
1608 2546 1767 2584 autem
1803 2540 2057 2583 sententiae
2089 2554 2184 2583 non

137 2615 375 2664 repugnat
417 2609 619 2654 verbum
668 2611 880 2663 adorare,
927 2614 1106 2669 quippe
1151 2612 1280 2669 quod
1325 2611 1383 2655 de
1428 2617 1538 2655 actu
1586 2609 1885 2654 sacrificandi
1918 2609 2046 2653 haud
2077 2623 2185 2653 raro

38 2701 84 2732 a
135 2675 451 2731 adhibeatur:
478 2696 521 2726 v.
546 2697 621 2740 gr.
647 2682 767 2729 Gen.
791 2683 962 2735 XXII,
990 2685 1015 2727 5
1042 2683 1286 2727 Abraham
1306 2683 1457 2727 filium
1483 2683 1581 2727 Deo
1604 2681 1854 2726 oblaturus
1882 2681 2000 2724 dicit
2032 2680 2184 2724 servis

135 2746 260 2793 suis:
280 2749 527 2807 Expectate
546 2751 682 2797 hio-...2
701 2757 946 2812 postquam
973 2754 1415 2805 adoraverimus,
1436 2755 1714 2796 ‘revertemur
1731 2751 1792 2794 ad
1813 2765 1900 2794 vos.
1924 2750 1991 2793 Of.
2012 2750 2182 2793 Joann.

134 2813 225 2869 IV,
258 2817 314 2863 20
345 2825 394 2864 et
424 2820 542 2873 XII,
577 2823 647 2866 20.
680 2823 791 2868 Non
828 2831 989 2868 tamen
1024 2823 1133 2867 inde
1167 2823 1401 2881 sequitur,
1443 2822 1737 2865 Eunuchum
1770 2821 1906 2863 illum
1956 2819 2182 2862 Judaeum

103 2883 327 2942 .fuisse;
373 2904 484 2934 nam
527 2892 737 2948 gentiles
787 2894 1017 2951 proselyti
1063 2893 1206 2938 etiam
1253 2892 1533 2936 holocausta
1576 2891 1747 2935 offerre
1795 2895 2032 2946 poterant.
2082 2886 2183 2931 Nec

137 2953 363 3002 Judaeum
385 2959 535 3004 fuisse
555 2961 787 3016 probatur
809 2977 865 3006 ex
891 2977 945 3006 eo
969 2961 1098 3020 quod
1120 2960 1332 3006 nondum
1360 2959 1572 3003 exhibita
1590 2959 1761 3002 fuisset
1782 2958 1903 3002 visio
1922 2956 2001 2999 illa
2019 2955 2183 2999 divina

78 3050 87 3070 κ,
139 3024 258 3082 (cap.
291 3026 373 3082 X),
406 3043 502 3087 qua
533 3037 779 3077 constaret
811 3032 955 3077 etiam
989 3031 1195 3088 gentiles
1228 3031 1286 3075 ad
1320 3029 1463 3073 fidem
1499 3029 1811 3072 christianam
1845 3026 2037 3078 vocari;
2069 3039 2181 3068 nam

138 3105 435 3156 praeceptum
468 3101 662 3146 Domini
696 3103 890 3158 (Matth.
924 3102 1173 3154 XXVIII,
1208 3102 1281 3155 19)
1316 3101 1498 3145 Euntes
1537 3100 1684 3143 docete
1725 3113 1878 3142 omnes
1926 3099 2090 3153 gentes,
2136 3100 2184 3139 et

20 3170 81 3228 {1
141 3162 304 3222 (Marc.
325 3169 465 3223 XVI,
492 3171 565 3227 15)
590 3173 770 3217 Euntes
786 3173 838 3217 in
855 3173 1084 3217 mundum
1118 3172 1398 3222 universum,
1430 3169 1681 3230 proedicate
1714 3166 2025 3223 Evanqelium
2058 3164 2185 3210 omni

31 3232 89 3293 ³³73
135 3241 371 3293 creaturos,
397 3241 498 3299 jam
532 3259 560 3288 a
591 3245 826 3290 descensu
860 3244 1076 3302 Spiritus
1112 3243 1268 3288 sancti
1313 3243 1568 3299 gentilium
1617 3241 1958 3285 admissionem
2002 3238 2184 3282 licitam

20 3359 22 3362 ,
137 3306 394 3364 reddebam
418 3320 669 3369 praeterea,
693 3317 732 3359 si
759 3314 1002 3373 quoddam
1027 3314 1185 3359 adhuc
1210 3313 1532 3369 superfuisset
1556 3311 1774 3364 dubium,
1807 3309 1966 3366 angeli
1996 3307 2183 3364 appari-

30 3411 46 3441 ·;
66 3376 208 3434 2¹>tio
229 3378 350 3424 illud
370 3396 397 3426 e
417 3391 579 3428 mente
612 3385 818 3442 Philippi
851 3385 1150 3430 sustulisset.

135 3495 138 3498 Α
197 3445 267 3494 30.
305 3449 518 3498 Pensm:
537 3468 798 3500 mutuam
819 3469 925 3510 QUAE
957 3454 1125 3499 sums?
1152 3472 1278 3510 apa-ys
1308 3470 1545 3508 Ὑινωσκεις;
1582 3451 1817 3508 pamicula
1850 3467 1926 3505 αρα
1959 3449 2008 3492 ῑῐῑ
2043 3460 2182 3505 prosa

75 3514 411 3584 ’«;ζ-’ἰῑὶίὶθῑ·ῑ“οεαῦ
431 3524 515 3569 ubi
536 3527 788 3583 responsio
821 3540 1006 3583 negans
1039 3529 1348 3582 exspectatur
1370 3541 1387 3576 ;
1420 3541 1470 3576 ’γε
1502 3523 1629 3569 valet
1663 3522 1959 3567 nostratium
1990 3518 2088 3563 wel.
2123 3516 2178 3559 In

0 3599 26 3639 'f
80 3604 119 3659 j,
135 3581 343 3643 ffitlecto
367 3591 697 3640 Frandrorum
720 3595 992 3641 diceremus
1016 3613 1026 3640 ε
1052 3594 1214 3640 Hewel
1233 3592 1255 3637 ἒ
1277 3596 1481 3638 verstaat
1502 3607 1552 3649 qe
1575 3595 1668 3636 wat
1688 3606 1740 3648 qe
1764 3591 1872 3635 leest
1895 3589 1918 3632 ?
