2430 4030
775 357 1066 394 Descmusus
1109 361 1337 398 srfflrrus
1379 365 1578 402 smo'ri,
2115 361 2182 411 51

957 443 2178 462 Ἣ

158 492 215 544 in
244 493 436 546 eodem
465 493 617 546 loco:
669 498 701 535 *
744 499 800 546 et
837 495 1013 548 factus
1054 503 1139 548 est
1182 505 1404 567 repente
1442 501 1508 554 de
1537 503 1671 555 coelo
1699 523 1880 570 sonus,
1911 513 2185 579 tamquam
2208 520 2233 558 2

102 604 107 608 ·
157 576 503 631 advenientis
549 579 779 648 spiritus
821 581 1182 646 vehementis,
1241 590 1297 635 et
1340 583 1572 654 replevit
1615 594 1785 641 totam
1833 592 2048 645 domum
2094 596 2187 647 ubi

157 666 316 713 erant
342 661 618 713 sedentes,
654 665 686 702 ³¹<
717 661 788 713 Et
815 669 1189 731 apparuerunt
1214 665 1322 716 illis
1352 667 1655 735 dispertitae
1683 671 1886 739 linguae
1915 679 2186 745 tamquam
2207 684 2232 721 3

158 744 324 812 ignia,
373 743 625 814 seditque
673 762 837 814 supra
884 747 1132 814 singulos
1178 765 1398 801 eorum:
1442 755 1474 790 ²¹<
1514 757 1568 803 et
1607 754 1799 821 repleti
1839 762 1965 808 sunt
2003 775 2234 813 omnes4

161 826 370 895 Spiritu
418 834 627 890 sanct0,
673 833 728 878 et
774 835 1058 896 coeperunt
1097 830 1244 898 loqui
1287 832 1449 883 variis
1489 833 1710 902 linguis,
1754 843 1914 904 prout
1957 838 2188 908 Spiritus

157 917 381 962 sanctus
410 910 577 962 dabat
605 910 787 979 eloqui
816 911 942 964 illis.

158 1121 287 1180 quod
319 1123 511 1167 feminae
557 1123 702 1168 etiam
735 1127 782 1167 et
814 1122 957 1180 pueri
1003 1121 1136 1174 (Luc.
1186 1124 1254 1176 11,
1291 1124 1386 1177 42),
1429 1125 1525 1169 imo
1571 1141 1679 1171 vero
1724 1128 1882 1172 Judaei
1929 1131 2008 1186 qui
2056 1135 2187 1176 extra

163 1191 468 1236 Palaestinam
495 1191 919 1236 commorabantur
945 1191 1069 1245 (Act.
1100 1191 1168 1243 Π,
1198 1194 1251 1245 53
1287 1193 1395 1244 XX,
1421 1194 1510 1248 16),
1534 1195 1585 1238 in
1607 1202 1838 1251 quantum
1865 1199 1965 1242 fieri
1988 1206 2187 1255 poterat,

163 1261 488 1318 perficiebant.

219 1331 387 1376 Enim
421 1344 581 1375 OMNES
608 1351 616 1375 :
643 1331 785 1375 lectio
818 1331 984 1375 melior
1016 1331 1159 1375 habet
1192 1351 1353 1385 παντες,
1388 1333 1488 1376 loco
1520 1338 1693 1378 ἅπαντες
1726 1335 1851 1391 quod
1886 1342 1957 1381 est
1979 1338 2026 1380 in
2056 1344 2186 1383 textu

160 1404 370 1460 Recepto.
404 1410 591 1447 Απαντες
624 1403 852 1459 majorem
876 1404 973 1447 vim
1009 1403 1204 1447 haberet
1231 1411 1278 1447 et
1305 1404 1599 1460 significaret
1625 1420 1777 1450 omnes
1808 1409 1935 1452 nullo
1967 1414 2138 1466 emcepto
2172 1431 2184 1455 .-

161 1487 331 1518 verum
375 1472 720 1529 intelliguntur
759 1481 950 1516 tantum
992 1487 1158 1516 omnes
1196 1473 1419 1529 discipuli
1457 1474 1538 1530 qui
1571 1475 1619 1517 in
1651 1477 1943 1533 coenaculum
1978 1480 2188 1535 quotidie

161 1543 420 1588 convenire
443 1542 675 1586 solebant.
702 1543 928 1587 Fortasse
953 1543 1114 1598 plures
1142 1550 1254 1587 tunc
1281 1544 1480 1588 aderant
1503 1559 1644 1601 quam
1669 1561 1722 1589 eo
1747 1546 1820 1589 die
1843 1562 1935 1603 quo
1961 1547 2187 1593 Matthias

161 1613 211 1656 in
234 1613 391 1657 locum
415 1611 558 1656 Judae
585 1612 676 1656 fuit
700 1621 997 1668 assumptus,
1025 1613 1216 1669 quando
1243 1614 1384 1656 simul
1410 1622 1511 1658 erat
1540 1615 1681 1658 turba
1714 1615 1960 1659 hominum
1984 1618 2082 1661 fere
2109 1619 2190 1661 120

141 1682 290 1736 (Act.
339 1683 378 1735 I,
421 1684 508 1738 15).
554 1707 610 1714 -
655 1683 870 1726 PARITER
903 1701 913 1729 ς
956 1687 1217 1735 ὁμοθυμαδον,
1255 1698 1347 1726 imo
1386 1684 1558 1735 animo,
1596 1684 1826 1728 habentes
1867 1701 2028 1730 omnes
2065 1686 2188 1730 idem

162 1753 457 1799 desiderium
482 1755 748 1811 accipiendi
775 1754 1014 1811 Spiritum
1040 1762 1258 1799 sanctum
1279 1775 1289 1809 ;
1325 1756 1399 1800 vel
1435 1757 1593 1812 potius
1616 1761 1725 1810 ὁμου,
1750 1757 1902 1810 simul,
1923 1759 2112 1815 pariter,
2138 1767 2192 1804 ut

165 1822 380 1882 Vulgata
418 1839 526 1869 cum
565 1825 920 1883 antiquioribus
962 1826 1304 1882 manuscriptis
1347 1825 1473 1870 ABG
1515 1826 1646 1882 legit.

222 1895 261 1939 2.
290 1894 511 1940 SPIRITUS
535 1914 544 1940 ε
572 1914 710 1949 πνοης,
734 1896 899 1953 flatus,
934 1896 1067 1939 venti.
1093 1896 1264 1951 Itaque
1290 1896 1347 1938 de
1370 1896 1487 1939 coelo
1514 1896 1589 1946 (de
1611 1910 1716 1939 aere
1741 1897 2003 1952 superiore)
2031 1898 2189 1943 subito

139 1965 296 2009 ‘venit
322 1966 510 2010 sonitus
535 1966 730 2020 quidam
766 1966 1164 2022 supernaturalis,
1189 1971 1320 2020 ὡσπερ
1345 1985 1465 2018 πνοης
1491 1974 1628 2016 scaccis,
1650 1966 1766 2009 sicut
1788 1967 1910 2010 venti
1935 1967 2131 2020 violenti,
2157 1969 2186 2011 i.

164 2048 204 2078 e.
231 2035 406 2080 similis
439 2037 482 2080 ei
515 2037 598 2094 qui
631 2036 794 2080 editur
827 2036 1018 2094 quando
1043 2036 1349 2080 vehementer
1378 2038 1477 2079 ruit
1502 2041 1699 2087 ventus;
1733 2037 1883 2092 igitur
1907 2051 2044 2080 sonus
2064 2037 2188 2081 venti

118 2102 121 2104 ’
161 2104 452 2158 vehementis,
499 2106 578 2150 sed
620 2106 791 2164 absque
830 2110 976 2151 vento.
1019 2106 1122 2150 Hoc
1160 2113 1320 2150 autem
1365 2106 1455 2149 fuit
1499 2106 1707 2162 primum
1748 2107 1938 2161 signum
1980 2107 2185 2151 exterius

160 2174 465 2220 advenientis
501 2175 718 2232 Spiritus
743 2177 911 2227 sancti,
936 2190 996 2220 sc.
1024 2176 1216 2232 signum
1241 2176 1368 2233 quod
1390 2175 1556 2219 auditu
1581 2174 1958 2231 percipiebatur3
1985 2175 2184 2218 alterum

159 2249 324 2288 autem
363 2247 471 2289 visu
511 2245 803 2302 aspectabile
842 2245 1132 2290 describitur
1170 2261 1212 2289 v.
1253 2246 1292 2288 3.
1332 2270 1386 2276 —
1427 2245 1613 2290 Ventus
1653 2260 1735 2288 seu
1777 2245 1914 2288 turbo
1957 2243 2058 2300 (qui
2091 2244 2184 2288 vim

163 2314 422 2371 quamdam
446 2315 676 2360 latentem
703 2320 750 2359 et
774 2316 1160 2370 potentissimam
1200 2315 1441 2370 designat)
1478 2315 1526 2357 in
1562 2319 1720 2357 vetere
1743 2314 2048 2357 Testamento
2069 2314 2186 2357 divi-

161 2399 270 2429 nam
318 2400 446 2441 saepe
490 2387 685 2430 nuntiat
733 2386 1060 2442 praesentiam,
1108 2384 1514 2442 quemadmodum
1563 2384 1705 2428 etiam
1749 2384 1873 2438 ignis
1923 2391 1968 2426 et
2009 2383 2185 2425 fumus.

162 2455 514 2500 Animadverte
552 2456 921 2500 similitudinem
962 2456 1088 2500 inter
1129 2455 1561 2511 promulgationem
1601 2454 1777 2497 veteris
1808 2453 1928 2508 legis
1960 2453 2009 2495 in
2043 2451 2187 2503 Sinai,

161 2536 271 2567 cum
298 2526 485 2570 tonitru
507 2532 555 2570 et
577 2526 784 2582 fulgure,
810 2531 858 2570 et
883 2525 1004 2581 legis
1030 2540 1166 2569 novae
1202 2526 1250 2567 in
1285 2523 1428 2568 Sione
1464 2523 1563 2579 (ubi
1599 2530 1700 2566 erat
1735 2522 2046 2575 coenaculum)
2080 2535 2187 2564 cum

163 2594 371 2650 strepitu
397 2599 445 2639 et
467 2595 597 2652 igne.
619 2619 674 2626 --
697 2595 938 2639 Raptum
962 2607 1116 2638 'roTAM
1141 2605 1313 2637 DOMUM
1336 2611 1348 2636 .-
1373 2594 1533 2636 domus
1558 2592 1846 2648 intelligitur
1870 2592 2055 2646 privata
2078 2589 2187 2643 (non

162 2667 387 2712 conclave
418 2669 660 2726 quoddam
695 2670 824 2713 inter
854 2667 1042 2725 Templi
1074 2666 1312 2719 aedificia),
1351 2665 1664 2723 probabiliter
1697 2664 1859 2709 eadem
1881 2664 1937 2707 de
1962 2677 2055 2720 qua
2085 2676 2184 2717 cap.

21 2700 62 2812 ⁷7}
112 2770 116 2771 f
162 2735 204 2789 1,
235 2737 309 2782 13.

222 2806 262 2849 3.
302 2807 603 2852 D1SPER‘111AE
643 2821 860 2853 LINGUAE:
898 2811 1210 2862 διαμεριζομεναι
1246 2806 1416 2859 (forma
1455 2804 1643 2856 media),
1677 2802 1998 2847 distribuentes
2035 2802 2186 2844 semet-

161 2875 322 2934 ipsam
349 2878 486 2935 prius
508 2879 662 2936 igitur
685 2879 802 2923 visae
837 2886 955 2922 sunt
981 2878 1160 2934 linguae
1182 2878 1230 2919 in
1253 2889 1350 2918 una
1377 2875 1598 2930 congerie
1630 2873 1850 2922 collectae,
1884 2885 1987 2928 quae
2018 2869 2186 2914 deinde

163 2959 214 2991 se
245 2947 306 2992 ab
339 2947 545 2992 invicem
578 2949 870 2999 diviserunt,
898 2948 965 2992 ita
993 2951 1044 2991 ut
1068 2945 1274 3002 singulae
1308 2958 1451 3001 super
1476 2943 1776 2998 singulorum
1801 2940 1953 2994 capita
1974 2936 2186 2982 conside-

163 3021 286 3060 rent.
313 3015 416 3061 Sub
439 3013 710 3074 linquarum
732 3018 890 3074 figura
909 3015 1156 3062 descendit
1176 3014 1388 3070 Spiritus
1415 3018 1625 3062 sanctus,
1643 3017 1696 3054 ut
1718 3008 1952 3064 apostolos
1971 3006 2185 3062 insignes

52 3079 65 3098 ‘⁵
130 3098 134 3109 ¹
162 3088 298 3134 verbi
325 3088 412 3134 Dei
439 3090 779 3146 praedicatores
803 3090 1024 3134 efficeret.
1049 3113 1103 3119 —
1127 3088 1368 3139 TAMQUAM
1392 3097 1532 3135 icius,
1557 3084 1658 3139 iqui
1678 3081 1851 3126 similes
1876 3077 1987 3130 (non
2008 3078 2186 3134 iqneoe),

6 3150 10 3154 ”
161 3171 335 3215 nempe
374 3159 546 3212 colore,
585 3161 859 3216 splendore,
899 3166 947 3204 et
985 3164 1148 3209 motu;
1188 3157 1323 3214 quasi
1360 3154 1615 3198 flammulae
1648 3151 1862 3208 quaedam
1896 3148 1956 3191 ad
1988 3145 2183 3190 modum

64 3223 129 3282 f*
161 3226 441 3285 linguarum
487 3229 765 3275 efformatae.
820 3229 1062 3282 SEDITQUE
1113 3228 1304 3282 (εκαθισε,
1349 3222 1506 3281 posuit
1552 3224 1613 3275 se)
1675 3230 1967 3275 unaquaeque
2020 3215 2184 3270 lingua

64 3291 66 3293 '
86 3287 380 3343 2'1‘22''seorsum
404 3299 464 3344 ab
486 3300 591 3344 alia.
615 3299 832 3347 Verbum
858 3305 933 3344 est
959 3300 1008 3342 in
1033 3310 1234 3340 numero
1259 3292 1492 3349 singulari
1514 3289 1736 3348 quamvis
1757 3286 2023 3344 subjectum
2048 3285 2112 3328 sit
2136 3283 2185 3326 in

162 3366 338 3424 plurali
369 3387 379 3413 ε
412 3369 542 3427 quod
572 3370 628 3415 fit
660 3384 807 3415 sensu
839 3368 1147 3414 distributiva

107 3447 122 3458 “
152 3460 161 3469 ¹1
221 3439 262 3482 4.
288 3438 498 3484 Rnrmrn
518 3451 633 3485 sum
659 3452 820 3485 ,omnes
852 3440 1051 3485 Summo
1082 3448 1265 3486 smero,
1301 3438 1348 3478 et
1378 3432 1663 3487 acceperunt
1695 3430 1740 3472 1⁰
1771 3425 1973 3484 gratiam
2003 3425 2186 3480 gyratam

92 3502 418 3566 j'ggssfaoimoem,
463 3523 572 3567 quae
618 3525 705 3567 per
753 3511 1116 3556 Sacramentum
1164 3502 1552 3550 Confirmationis
1605 3497 1864 3554 baptizatis
1915 3493 2180 3570 confertum

91 3565 432 3641 *2⁹-gratiae,
453 3593 574 3638 quas
596 3579 748 3637 qratia
770 3580 909 3625 datas
932 3582 1104 3624 vocant
1126 3572 1352 3629 theologi,
1377 3576 1430 3616 ut
1453 3571 1630 3615 donum
1663 3568 1950 3631 linguarum,
1984 3573 2182 3637 m¹.r⁸.'⁰uf

111 3635 323 3705 ''³’an
360 3659 451 3695 eto·
491 3649 740 3706 Quomodo
776 3656 940 3695 autem
983 3647 1140 3693 tertiae
1179 3659 1244 3690 ss.
1282 3640 1534 3686 Trinitatis
1585 3638 1805 3682 Personae
1852 3647 1935 3678 seu
1977 3629 2179 3686 Spiritui

2397 3745 2430 3786 sl!

2384 3787 2430 3837 ‚322

2335 3884 2338 3887 -
2379 3842 2430 3907 23
