<?xml version="1.0" encoding="UTF-8"?>
<!DOCTYPE html PUBLIC "-//W3C//DTD XHTML 1.0 Transitional//EN"
    "http://www.w3.org/TR/xhtml1/DTD/xhtml1-transitional.dtd">
<html xmlns="http://www.w3.org/1999/xhtml" xml:lang="en" lang="en">
 <head>
  <title>
</title>
<meta http-equiv="Content-Type" content="text/html;charset=utf-8" />
  <meta name='ocr-system' content='tesseract 3.04.00' />
  <meta name='ocr-capabilities' content='ocr_page ocr_carea ocr_par ocr_line ocrx_word'/>
</head>
<body>
  <div class='ocr_page' id='page_1' title='image "actusapostolorum00steeuoft_0241.png"; bbox 0 0 2430 4030; ppageno 0'>
   <div class='ocr_carea' id='block_1_1' title="bbox 0 0 2430 272">
    <p class='ocr_par' dir='ltr' id='par_1_1' title="bbox 0 0 2430 272">
     <span class='ocr_line' id='line_1_1' title="bbox 0 0 2430 272; baseline 0 3758"><span class='ocrx_word' id='word_1_1' title='bbox 0 0 2430 272; x_wconf 95' lang='lat' dir='ltr'> </span> 
     </span>
    </p>
   </div>
   <div class='ocr_carea' id='block_1_2' title="bbox 728 297 2224 355">
    <p class='ocr_par' dir='ltr' id='par_1_2' title="bbox 728 297 2224 355">
     <span class='ocr_line' id='line_1_2' title="bbox 728 297 2224 355; baseline 0.004 -6"><span class='ocrx_word' id='word_1_2' title='bbox 728 315 948 355; x_wconf 53' lang='lat' dir='ltr'>xmutus</span> <span class='ocrx_word' id='word_1_3' title='bbox 990 315 1164 350; x_wconf 81' lang='lat' dir='ltr'><strong>CORAM</strong></span> <span class='ocrx_word' id='word_1_4' title='bbox 1204 316 1430 355; x_wconf 73' lang='lat' dir='ltr'>PRAESIDE</span> <span class='ocrx_word' id='word_1_5' title='bbox 1472 297 1666 353; x_wconf 62' lang='lat' dir='ltr'>rumen.</span> <span class='ocrx_word' id='word_1_6' title='bbox 2120 303 2224 355; x_wconf 83' lang='lat'>235</span> 
     </span>
    </p>
   </div>
   <div class='ocr_carea' id='block_1_3' title="bbox 199 393 484 403">
    <p class='ocr_par' dir='ltr' id='par_1_3' title="bbox 199 393 484 403">
     <span class='ocr_line' id='line_1_3' title="bbox 199 393 484 403; baseline 0 3627"><span class='ocrx_word' id='word_1_7' title='bbox 199 393 484 403; x_wconf 95' lang='lat' dir='ltr'> </span> 
     </span>
    </p>
   </div>
   <div class='ocr_carea' id='block_1_4' title="bbox 114 434 2302 518">
    <p class='ocr_par' dir='ltr' id='par_1_4' title="bbox 35 434 2302 518">
     <span class='ocr_line' id='line_1_4' title="bbox 114 434 2302 518; baseline -0 -18.035"><span class='ocrx_word' id='word_1_8' title='bbox 114 434 122 466; x_wconf 42' lang='lat'>²</span> <span class='ocrx_word' id='word_1_9' title='bbox 191 449 469 518; x_wconf 89' lang='lat' dir='ltr'>equitibus</span> <span class='ocrx_word' id='word_1_10' title='bbox 517 456 577 501; x_wconf 86' lang='lat' dir='ltr'>ut</span> <span class='ocrx_word' id='word_1_11' title='bbox 620 467 743 501; x_wconf 90' lang='lat' dir='ltr'>cum</span> <span class='ocrx_word' id='word_1_12' title='bbox 786 466 848 499; x_wconf 89' lang='lat' dir='ltr'>eo</span> <span class='ocrx_word' id='word_1_13' title='bbox 890 448 1053 513; x_wconf 87' lang='lat' dir='ltr'>irent,</span> <span class='ocrx_word' id='word_1_14' title='bbox 1099 449 1304 501; x_wconf 88' lang='lat' dir='ltr'>reversi</span> <span class='ocrx_word' id='word_1_15' title='bbox 1351 456 1479 501; x_wconf 89' lang='lat' dir='ltr'>sunt</span> <span class='ocrx_word' id='word_1_16' title='bbox 1521 451 1591 502; x_wconf 85' lang='lat' dir='ltr'>ad</span> <span class='ocrx_word' id='word_1_17' title='bbox 1631 457 1825 504; x_wconf 83' lang='lat' dir='ltr'>castra.</span> <span class='ocrx_word' id='word_1_18' title='bbox 1876 457 1908 493; x_wconf 73' lang='lat'>³¹&lt;</span> <span class='ocrx_word' id='word_1_19' title='bbox 1956 452 2060 518; x_wconf 79' lang='lat' dir='ltr'>Qui</span> <span class='ocrx_word' id='word_1_20' title='bbox 2104 470 2226 505; x_wconf 90' lang='lat' dir='ltr'>cum</span> <span class='ocrx_word' id='word_1_21' title='bbox 2249 459 2302 499; x_wconf 82' lang='lat'>33</span> 
     </span>
    </p>
   </div>
   <div class='ocr_carea' id='block_1_5' title="bbox 187 522 2349 914">
    <p class='ocr_par' dir='ltr' id='par_1_5' title="bbox 187 522 2349 914">
     <span class='ocr_line' id='line_1_5' title="bbox 189 522 2229 604; baseline 0.002 -22"><span class='ocrx_word' id='word_1_22' title='bbox 189 532 467 583; x_wconf 85' lang='lat' dir='ltr'>venissent</span> <span class='ocrx_word' id='word_1_23' title='bbox 498 532 818 594; x_wconf 77' lang='lat' dir='ltr'>Caesaream,</span> <span class='ocrx_word' id='word_1_24' title='bbox 848 538 903 583; x_wconf 91' lang='lat' dir='ltr'>et</span> <span class='ocrx_word' id='word_1_25' title='bbox 931 531 1290 584; x_wconf 87' lang='lat' dir='ltr'>tradidissent</span> <span class='ocrx_word' id='word_1_26' title='bbox 1334 522 1618 604; x_wconf 69' lang='lat' dir='ltr'>epistola‘m</span> <span class='ocrx_word' id='word_1_27' title='bbox 1647 535 1885 602; x_wconf 77' lang='lat' dir='ltr'>praesidi,</span> <span class='ocrx_word' id='word_1_28' title='bbox 1917 541 2229 588; x_wconf 81' lang='lat' dir='ltr'>statuerunt</span> 
     </span>
     <span class='ocr_line' id='line_1_6' title="bbox 187 613 2306 687; baseline 0.002 -23"><span class='ocrx_word' id='word_1_29' title='bbox 187 619 315 665; x_wconf 84' lang='lat' dir='ltr'>ante</span> <span class='ocrx_word' id='word_1_30' title='bbox 343 614 492 665; x_wconf 89' lang='lat' dir='ltr'>illum</span> <span class='ocrx_word' id='word_1_31' title='bbox 524 620 579 666; x_wconf 89' lang='lat' dir='ltr'>et</span> <span class='ocrx_word' id='word_1_32' title='bbox 608 614 852 665; x_wconf 87' lang='lat' dir='ltr'>Paulum.</span> <span class='ocrx_word' id='word_1_33' title='bbox 883 617 916 655; x_wconf 73' lang='lat'>³¹&lt;</span> <span class='ocrx_word' id='word_1_34' title='bbox 948 613 1083 665; x_wconf 87' lang='lat' dir='ltr'>Cum</span> <span class='ocrx_word' id='word_1_35' title='bbox 1131 614 1359 683; x_wconf 84' lang='lat' dir='ltr'>legisset</span> <span class='ocrx_word' id='word_1_36' title='bbox 1399 622 1602 679; x_wconf 84' lang='lat' dir='ltr'>autem,</span> <span class='ocrx_word' id='word_1_37' title='bbox 1645 622 1696 668; x_wconf 87' lang='lat' dir='ltr'>et</span> <span class='ocrx_word' id='word_1_38' title='bbox 1735 617 2133 687; x_wconf 86' lang='lat' dir='ltr'>interrogasset</span> <span class='ocrx_word' id='word_1_39' title='bbox 2160 618 2228 671; x_wconf 88' lang='lat' dir='ltr'>de</span> <span class='ocrx_word' id='word_1_40' title='bbox 2249 629 2306 668; x_wconf 80' lang='lat'>34</span> 
     </span>
     <span class='ocr_line' id='line_1_7' title="bbox 190 695 2349 768; baseline 0.002 -22"><span class='ocrx_word' id='word_1_41' title='bbox 190 713 295 764; x_wconf 87' lang='lat' dir='ltr'>qua</span> <span class='ocrx_word' id='word_1_42' title='bbox 321 697 602 765; x_wconf 88' lang='lat' dir='ltr'>provincia</span> <span class='ocrx_word' id='word_1_43' title='bbox 629 703 794 761; x_wconf 88' lang='lat' dir='ltr'>esset,</span> <span class='ocrx_word' id='word_1_44' title='bbox 825 701 878 748; x_wconf 84' lang='lat' dir='ltr'>et</span> <span class='ocrx_word' id='word_1_45' title='bbox 908 714 1249 765; x_wconf 85' lang='lat' dir='ltr'>cognoscens</span> <span class='ocrx_word' id='word_1_46' title='bbox 1290 698 1416 768; x_wconf 91' lang='lat' dir='ltr'>quia</span> <span class='ocrx_word' id='word_1_47' title='bbox 1450 699 1518 750; x_wconf 90' lang='lat' dir='ltr'>de</span> <span class='ocrx_word' id='word_1_48' title='bbox 1561 698 1750 751; x_wconf 85' lang='lat' dir='ltr'>Cilicia</span> <span class='ocrx_word' id='word_1_49' title='bbox 1780 720 1789 751; x_wconf 71' lang='grc' dir='ltr'>ε</span> <span class='ocrx_word' id='word_1_50' title='bbox 1823 705 1854 741; x_wconf 81' lang='grc'><strong>*</strong></span> <span class='ocrx_word' id='word_1_51' title='bbox 1887 700 2123 752; x_wconf 85' lang='lat' dir='ltr'><strong>Audiam</strong></span> <span class='ocrx_word' id='word_1_52' title='bbox 2154 706 2226 765; x_wconf 90' lang='lat' dir='ltr'>te,</span> <span class='ocrx_word' id='word_1_53' title='bbox 2249 710 2306 751; x_wconf 89' lang='lat'>35</span> <span class='ocrx_word' id='word_1_54' title='bbox 2347 695 2349 698; x_wconf 38' lang='lat'><strong><em>⁴</em></strong></span> 
     </span>
     <span class='ocr_line' id='line_1_8' title="bbox 189 779 2228 852; baseline 0.004 -23"><span class='ocrx_word' id='word_1_55' title='bbox 189 779 387 848; x_wconf 88' lang='lat' dir='ltr'>inquit,</span> <span class='ocrx_word' id='word_1_56' title='bbox 454 796 576 831; x_wconf 90' lang='lat' dir='ltr'>cum</span> <span class='ocrx_word' id='word_1_57' title='bbox 639 785 982 832; x_wconf 86' lang='lat' dir='ltr'>accusatores</span> <span class='ocrx_word' id='word_1_58' title='bbox 1047 781 1128 831; x_wconf 87' lang='lat' dir='ltr'>tui</span> <span class='ocrx_word' id='word_1_59' title='bbox 1194 780 1460 833; x_wconf 84' lang='lat' dir='ltr'>venerint.</span> <span class='ocrx_word' id='word_1_60' title='bbox 1513 781 1799 851; x_wconf 80' lang='lat' dir='ltr'>Jussitque</span> <span class='ocrx_word' id='word_1_61' title='bbox 1864 783 1918 835; x_wconf 90' lang='lat' dir='ltr'>in</span> <span class='ocrx_word' id='word_1_62' title='bbox 1973 784 2228 852; x_wconf 73' lang='lat' dir='ltr'>praetorio</span> 
     </span>
     <span class='ocr_line' id='line_1_9' title="bbox 195 861 889 914; baseline 0.004 -3"><span class='ocrx_word' id='word_1_63' title='bbox 195 861 428 912; x_wconf 87' lang='lat' dir='ltr'>Herodis</span> <span class='ocrx_word' id='word_1_64' title='bbox 456 861 719 914; x_wconf 88' lang='lat' dir='ltr'>custodiri</span> <span class='ocrx_word' id='word_1_65' title='bbox 749 880 889 914; x_wconf 88' lang='lat' dir='ltr'>eum.</span> 
     </span>
    </p>
   </div>
   <div class='ocr_carea' id='block_1_6' title="bbox 193 1057 2230 1215">
    <p class='ocr_par' dir='ltr' id='par_1_6' title="bbox 193 1057 2230 1215">
     <span class='ocr_line' id='line_1_10' title="bbox 193 1057 2230 1128; baseline 0.001 -17"><span class='ocrx_word' id='word_1_66' title='bbox 193 1057 297 1124; x_wconf 63' lang='grc' dir='ltr'>ᾧὸ.</span> <span class='ocrx_word' id='word_1_67' title='bbox 337 1059 562 1123; x_wconf 69' lang='lat' dir='ltr'>Paulus,</span> <span class='ocrx_word' id='word_1_68' title='bbox 607 1058 878 1123; x_wconf 78' lang='lat' dir='ltr'>Oaesarece,</span> <span class='ocrx_word' id='word_1_69' title='bbox 917 1059 1010 1110; x_wconf 77' lang='lat' dir='ltr'>sub</span> <span class='ocrx_word' id='word_1_70' title='bbox 1047 1059 1382 1128; x_wconf 63' lang='lat' dir='ltr'>praesidibus</span> <span class='ocrx_word' id='word_1_71' title='bbox 1415 1060 1587 1112; x_wconf 72' lang='lat' dir='ltr'>Felice</span> <span class='ocrx_word' id='word_1_72' title='bbox 1629 1067 1675 1112; x_wconf 74' lang='lat' dir='ltr'>et</span> <span class='ocrx_word' id='word_1_73' title='bbox 1713 1062 1884 1126; x_wconf 80' lang='lat' dir='ltr'>Festo,</span> <span class='ocrx_word' id='word_1_74' title='bbox 1927 1064 1986 1114; x_wconf 78' lang='lat' dir='ltr'>in</span> <span class='ocrx_word' id='word_1_75' title='bbox 2026 1081 2230 1114; x_wconf 76' lang='lat' dir='ltr'>carcerc</span> 
     </span>
     <span class='ocr_line' id='line_1_11' title="bbox 773 1160 1652 1215; baseline 0.003 -4"><span class='ocrx_word' id='word_1_76' title='bbox 773 1160 1031 1212; x_wconf 71' lang='lat' dir='ltr'>detentus.</span> <span class='ocrx_word' id='word_1_77' title='bbox 1069 1160 1192 1213; x_wconf 78' lang='lat' dir='ltr'><strong>GAP.</strong></span> <span class='ocrx_word' id='word_1_78' title='bbox 1224 1161 1652 1215; x_wconf 85' lang='lat' dir='ltr'><strong>XXIV-XXVI.</strong></span> 
     </span>
    </p>
   </div>
   <div class='ocr_carea' id='block_1_7' title="bbox 571 1314 1856 1363">
    <p class='ocr_par' dir='ltr' id='par_1_7' title="bbox 571 1314 1856 1363">
     <span class='ocr_line' id='line_1_12' title="bbox 571 1314 1856 1363; baseline 0.003 -6"><span class='ocrx_word' id='word_1_79' title='bbox 571 1314 607 1357; x_wconf 92' lang='lat' dir='ltr'>I.</span> <span class='ocrx_word' id='word_1_80' title='bbox 645 1314 830 1358; x_wconf 71' lang='lat' dir='ltr'>PAULUS</span> <span class='ocrx_word' id='word_1_81' title='bbox 865 1327 1017 1358; x_wconf 81' lang='lat' dir='ltr'>CORAM</span> <span class='ocrx_word' id='word_1_82' title='bbox 1051 1327 1261 1359; x_wconf 79' lang='lat' dir='ltr'>PRAESIDE</span> <span class='ocrx_word' id='word_1_83' title='bbox 1296 1315 1485 1359; x_wconf 64' lang='lat' dir='ltr'>Fame-13.</span> <span class='ocrx_word' id='word_1_84' title='bbox 1523 1317 1631 1359; x_wconf 79' lang='lat' dir='ltr'>GAP.</span> <span class='ocrx_word' id='word_1_85' title='bbox 1668 1317 1856 1363; x_wconf 84' lang='lat' dir='ltr'>XX1V.</span> 
     </span>
    </p>
   </div>
   <div class='ocr_carea' id='block_1_8' title="bbox 119 1455 2233 2765">
    <p class='ocr_par' dir='ltr' id='par_1_8' title="bbox 119 1455 2233 2765">
     <span class='ocr_line' id='line_1_13' title="bbox 272 1455 2232 1523; baseline 0.003 -16"><span class='ocrx_word' id='word_1_86' title='bbox 272 1455 658 1508; x_wconf 71' lang='lat' dir='ltr'>Summarz&#39;um.</span> <span class='ocrx_word' id='word_1_87' title='bbox 706 1457 924 1520; x_wconf 88' lang='lat' dir='ltr'>Paulus,</span> <span class='ocrx_word' id='word_1_88' title='bbox 967 1457 1033 1508; x_wconf 86' lang='lat' dir='ltr'>ad</span> <span class='ocrx_word' id='word_1_89' title='bbox 1072 1458 1312 1509; x_wconf 83' lang='lat' dir='ltr'>tribunal</span> <span class='ocrx_word' id='word_1_90' title='bbox 1355 1458 1553 1510; x_wconf 83' lang='lat' dir='ltr'>Felicis</span> <span class='ocrx_word' id='word_1_91' title='bbox 1597 1459 1892 1523; x_wconf 87' lang='lat' dir='ltr'>adductus,</span> <span class='ocrx_word' id='word_1_92' title='bbox 1941 1460 2232 1512; x_wconf 75' lang='lat' dir='ltr'>seditionis</span> 
     </span>
     <span class='ocr_line' id='line_1_14' title="bbox 204 1540 2230 1613; baseline 0.002 -23"><span class='ocrx_word' id='word_1_93' title='bbox 204 1545 258 1590; x_wconf 83' lang='lat' dir='ltr'>et</span> <span class='ocrx_word' id='word_1_94' title='bbox 285 1540 474 1591; x_wconf 83' lang='lat' dir='ltr'>violati</span> <span class='ocrx_word' id='word_1_95' title='bbox 502 1540 714 1609; x_wconf 81' lang='lat' dir='ltr'>Templi</span> <span class='ocrx_word' id='word_1_96' title='bbox 742 1547 1027 1592; x_wconf 87' lang='lat' dir='ltr'>accusatur</span> <span class='ocrx_word' id='word_1_97' title='bbox 1060 1542 1219 1608; x_wconf 81' lang='lat'>(1-9).</span> <span class='ocrx_word' id='word_1_98' title='bbox 1256 1542 1411 1594; x_wconf 90' lang='lat' dir='ltr'>Hanc</span> <span class='ocrx_word' id='word_1_99' title='bbox 1438 1549 1618 1594; x_wconf 88' lang='lat' dir='ltr'>autem</span> <span class='ocrx_word' id='word_1_100' title='bbox 1661 1545 2100 1595; x_wconf 85' lang='lat' dir='ltr'>criminationem</span> <span class='ocrx_word' id='word_1_101' title='bbox 2131 1563 2230 1613; x_wconf 73' lang='lat' dir='ltr'>per</span> 
     </span>
     <span class='ocr_line' id='line_1_15' title="bbox 193 1623 2228 1696; baseline 0.003 -24"><span class='ocrx_word' id='word_1_102' title='bbox 193 1629 486 1690; x_wconf 87' lang='lat' dir='ltr'>sequentes</span> <span class='ocrx_word' id='word_1_103' title='bbox 517 1624 754 1674; x_wconf 82' lang='lat' dir='ltr'>rationes</span> <span class='ocrx_word' id='word_1_104' title='bbox 784 1624 1058 1675; x_wconf 86' lang='lat' dir='ltr'>confutat:</span> <span class='ocrx_word' id='word_1_105' title='bbox 1102 1623 1157 1693; x_wconf 72' lang='lat' dir='ltr'>a]</span> <span class='ocrx_word' id='word_1_106' title='bbox 1199 1644 1228 1675; x_wconf 89' lang='lat' dir='ltr'>a</span> <span class='ocrx_word' id='word_1_107' title='bbox 1259 1626 1444 1692; x_wconf 80' lang='lat' dir='ltr'>paucis</span> <span class='ocrx_word' id='word_1_108' title='bbox 1490 1626 1702 1689; x_wconf 87' lang='lat' dir='ltr'>diebus,</span> <span class='ocrx_word' id='word_1_109' title='bbox 1732 1627 1931 1696; x_wconf 83' lang='lat' dir='ltr'>inquit,</span> <span class='ocrx_word' id='word_1_110' title='bbox 1971 1627 2228 1678; x_wconf 87' lang='lat' dir='ltr'>Hieroso-</span> 
     </span>
     <span class='ocr_line' id='line_1_16' title="bbox 198 1704 2231 1778; baseline 0.003 -25"><span class='ocrx_word' id='word_1_111' title='bbox 198 1705 396 1772; x_wconf 89' lang='lat' dir='ltr'>lymam</span> <span class='ocrx_word' id='word_1_112' title='bbox 439 1704 764 1757; x_wconf 82' lang='lat' dir='ltr'>adveneram</span> <span class='ocrx_word' id='word_1_113' title='bbox 811 1705 919 1772; x_wconf 80' lang='lat'><em>(10,</em></span> <span class='ocrx_word' id='word_1_114' title='bbox 957 1706 1074 1770; x_wconf 82' lang='lat'>1]);</span> <span class='ocrx_word' id='word_1_115' title='bbox 1105 1705 1166 1774; x_wconf 80' lang='lat' dir='ltr'>bs</span> <span class='ocrx_word' id='word_1_116' title='bbox 1195 1707 1404 1758; x_wconf 89' lang='lat' dir='ltr'>nullum</span> <span class='ocrx_word' id='word_1_117' title='bbox 1443 1708 1623 1759; x_wconf 83' lang='lat' dir='ltr'>afferri</span> <span class='ocrx_word' id='word_1_118' title='bbox 1663 1715 1850 1777; x_wconf 85' lang='lat' dir='ltr'>potest</span> <span class='ocrx_word' id='word_1_119' title='bbox 1892 1710 2095 1760; x_wconf 89' lang='lat' dir='ltr'>factum</span> <span class='ocrx_word' id='word_1_120' title='bbox 2126 1727 2231 1778; x_wconf 90' lang='lat' dir='ltr'>quo</span> 
     </span>
     <span class='ocr_line' id='line_1_17' title="bbox 193 1787 2230 1861; baseline 0.003 -23"><span class='ocrx_word' id='word_1_121' title='bbox 193 1787 464 1838; x_wconf 73' lang='lat' dir='ltr'>accusatio</span> <span class='ocrx_word' id='word_1_122' title='bbox 489 1793 680 1840; x_wconf 86' lang='lat' dir='ltr'>contra</span> <span class='ocrx_word' id='word_1_123' title='bbox 709 1806 794 1839; x_wconf 89' lang='lat' dir='ltr'>me</span> <span class='ocrx_word' id='word_1_124' title='bbox 822 1789 931 1839; x_wconf 83' lang='lat' dir='ltr'>lata</span> <span class='ocrx_word' id='word_1_125' title='bbox 954 1789 1340 1857; x_wconf 74' lang='lat' dir='ltr'>comprobetur</span> <span class='ocrx_word' id='word_1_126' title='bbox 1370 1790 1612 1857; x_wconf 77' lang='lat'>(12-13);</span> <span class='ocrx_word' id='word_1_127' title='bbox 1639 1790 1693 1861; x_wconf 76' lang='lat' dir='ltr'>cs</span> <span class='ocrx_word' id='word_1_128' title='bbox 1717 1797 1831 1843; x_wconf 85' lang='lat' dir='ltr'>tota</span> <span class='ocrx_word' id='word_1_129' title='bbox 1854 1793 1984 1844; x_wconf 81' lang='lat' dir='ltr'>vitae</span> <span class='ocrx_word' id='word_1_130' title='bbox 2012 1811 2146 1844; x_wconf 76' lang='lat' dir='ltr'>meae</span> <span class='ocrx_word' id='word_1_131' title='bbox 2175 1799 2230 1844; x_wconf 83' lang='lat' dir='ltr'>et</span> 
     </span>
     <span class='ocr_line' id='line_1_18' title="bbox 195 1870 2232 1944; baseline 0.003 -24"><span class='ocrx_word' id='word_1_132' title='bbox 195 1870 462 1921; x_wconf 76' lang='lat' dir='ltr'>doctrinae</span> <span class='ocrx_word' id='word_1_133' title='bbox 514 1871 651 1922; x_wconf 87' lang='lat' dir='ltr'>ratio</span> <span class='ocrx_word' id='word_1_134' title='bbox 687 1871 946 1939; x_wconf 54' lang='lat'>(1446),</span> <span class='ocrx_word' id='word_1_135' title='bbox 1002 1872 1462 1940; x_wconf 85' lang='lat' dir='ltr'>quemadmodum</span> <span class='ocrx_word' id='word_1_136' title='bbox 1515 1881 1570 1925; x_wconf 86' lang='lat' dir='ltr'>et</span> <span class='ocrx_word' id='word_1_137' title='bbox 1622 1875 1911 1926; x_wconf 88' lang='lat' dir='ltr'>consilium</span> <span class='ocrx_word' id='word_1_138' title='bbox 1960 1875 2029 1926; x_wconf 94' lang='lat' dir='ltr'>ob</span> <span class='ocrx_word' id='word_1_139' title='bbox 2087 1875 2232 1944; x_wconf 89' lang='lat' dir='ltr'>quod</span> 
     </span>
     <span class='ocr_line' id='line_1_19' title="bbox 196 1953 2230 2022; baseline 0.003 -19"><span class='ocrx_word' id='word_1_140' title='bbox 196 1953 387 2003; x_wconf 89' lang='lat' dir='ltr'>urbem</span> <span class='ocrx_word' id='word_1_141' title='bbox 454 1954 586 2021; x_wconf 88' lang='lat' dir='ltr'>petii</span> <span class='ocrx_word' id='word_1_142' title='bbox 646 1961 699 2005; x_wconf 94' lang='lat' dir='ltr'>et</span> <span class='ocrx_word' id='word_1_143' title='bbox 754 1955 1040 2022; x_wconf 81' lang='lat' dir='ltr'>Templum</span> <span class='ocrx_word' id='word_1_144' title='bbox 1102 1955 1384 2022; x_wconf 80' lang='lat' dir='ltr'>ingressus</span> <span class='ocrx_word' id='word_1_145' title='bbox 1439 1975 1578 2019; x_wconf 85' lang='lat' dir='ltr'>sum,</span> <span class='ocrx_word' id='word_1_146' title='bbox 1632 1958 1701 2008; x_wconf 84' lang='lat' dir='ltr'>ab</span> <span class='ocrx_word' id='word_1_147' title='bbox 1756 1957 1903 2008; x_wconf 90' lang='lat' dir='ltr'>omni</span> <span class='ocrx_word' id='word_1_148' title='bbox 1958 1958 2230 2009; x_wconf 88' lang='lat' dir='ltr'>seditione</span> 
     </span>
     <span class='ocr_line' id='line_1_20' title="bbox 195 2035 2232 2107; baseline 0.002 -22"><span class='ocrx_word' id='word_1_149' title='bbox 195 2035 528 2086; x_wconf 86' lang='lat' dir='ltr'>alienissima</span> <span class='ocrx_word' id='word_1_150' title='bbox 570 2042 698 2087; x_wconf 90' lang='lat' dir='ltr'>sunt</span> <span class='ocrx_word' id='word_1_151' title='bbox 747 2037 989 2103; x_wconf 79' lang='lat'>(17-18);</span> <span class='ocrx_word' id='word_1_152' title='bbox 1035 2035 1094 2105; x_wconf 80' lang='lat' dir='ltr'>ds</span> <span class='ocrx_word' id='word_1_153' title='bbox 1134 2042 1478 2090; x_wconf 69' lang='lat' dir='ltr'>accusatores</span> <span class='ocrx_word' id='word_1_154' title='bbox 1523 2040 1627 2091; x_wconf 90' lang='lat' dir='ltr'>mei</span> <span class='ocrx_word' id='word_1_155' title='bbox 1668 2039 1933 2107; x_wconf 59' lang='lat' dir='ltr'>praecipui</span> <span class='ocrx_word' id='word_1_156' title='bbox 1962 2057 2018 2090; x_wconf 87' lang='lat' dir='ltr'>se</span> <span class='ocrx_word' id='word_1_157' title='bbox 2050 2057 2232 2090; x_wconf 88' lang='lat' dir='ltr'>coram</span> 
     </span>
     <span class='ocr_line' id='line_1_21' title="bbox 187 2117 2232 2190; baseline 0.002 -22"><span class='ocrx_word' id='word_1_158' title='bbox 187 2117 370 2186; x_wconf 87' lang='lat' dir='ltr'>judice</span> <span class='ocrx_word' id='word_1_159' title='bbox 402 2119 594 2169; x_wconf 83' lang='lat' dir='ltr'>sistere</span> <span class='ocrx_word' id='word_1_160' title='bbox 624 2137 730 2170; x_wconf 92' lang='lat' dir='ltr'>non</span> <span class='ocrx_word' id='word_1_161' title='bbox 761 2120 968 2170; x_wconf 87' lang='lat' dir='ltr'>audent</span> <span class='ocrx_word' id='word_1_162' title='bbox 1001 2119 1144 2186; x_wconf 79' lang='lat'>(19&gt;;</span> <span class='ocrx_word' id='word_1_163' title='bbox 1190 2119 1410 2171; x_wconf 88' lang='lat' dir='ltr'>tandem</span> <span class='ocrx_word' id='word_1_164' title='bbox 1438 2120 1493 2190; x_wconf 80' lang='lat' dir='ltr'>es</span> <span class='ocrx_word' id='word_1_165' title='bbox 1522 2122 1738 2190; x_wconf 83' lang='lat' dir='ltr'>quando</span> <span class='ocrx_word' id='word_1_166' title='bbox 1768 2123 2000 2190; x_wconf 88' lang='lat' dir='ltr'>ipsemet</span> <span class='ocrx_word' id='word_1_167' title='bbox 2031 2139 2134 2189; x_wconf 86' lang='lat' dir='ltr'>ego</span> <span class='ocrx_word' id='word_1_168' title='bbox 2163 2121 2232 2172; x_wconf 88' lang='lat' dir='ltr'>ad</span> 
     </span>
     <span class='ocr_line' id='line_1_22' title="bbox 196 2200 2230 2268; baseline 0.001 -17"><span class='ocrx_word' id='word_1_169' title='bbox 196 2200 523 2268; x_wconf 82' lang='lat' dir='ltr'>Synedrium</span> <span class='ocrx_word' id='word_1_170' title='bbox 567 2202 734 2264; x_wconf 86' lang='lat' dir='ltr'>adfui,</span> <span class='ocrx_word' id='word_1_171' title='bbox 779 2201 980 2252; x_wconf 86' lang='lat' dir='ltr'>nullius</span> <span class='ocrx_word' id='word_1_172' title='bbox 1025 2202 1246 2254; x_wconf 88' lang='lat' dir='ltr'>sceleris</span> <span class='ocrx_word' id='word_1_173' title='bbox 1287 2221 1411 2254; x_wconf 90' lang='lat' dir='ltr'>reus</span> <span class='ocrx_word' id='word_1_174' title='bbox 1456 2204 1714 2255; x_wconf 86' lang='lat' dir='ltr'>inventus</span> <span class='ocrx_word' id='word_1_175' title='bbox 1743 2204 1839 2267; x_wconf 88' lang='lat' dir='ltr'>fui,</span> <span class='ocrx_word' id='word_1_176' title='bbox 1869 2203 1975 2254; x_wconf 90' lang='lat' dir='ltr'>nisi</span> <span class='ocrx_word' id='word_1_177' title='bbox 2002 2208 2230 2255; x_wconf 82' lang='lat' dir='ltr'>assertae</span> 
     </span>
     <span class='ocr_line' id='line_1_23' title="bbox 190 2283 2229 2352; baseline 0.001 -18"><span class='ocrx_word' id='word_1_178' title='bbox 190 2283 455 2335; x_wconf 80' lang='lat' dir='ltr'>doctrinae</span> <span class='ocrx_word' id='word_1_179' title='bbox 494 2284 560 2334; x_wconf 90' lang='lat' dir='ltr'>de</span> <span class='ocrx_word' id='word_1_180' title='bbox 602 2285 785 2335; x_wconf 82' lang='lat' dir='ltr'>futura</span> <span class='ocrx_word' id='word_1_181' title='bbox 828 2286 1230 2336; x_wconf 85' lang='lat' dir='ltr'>resurrectione</span> <span class='ocrx_word' id='word_1_182' title='bbox 1282 2286 1510 2352; x_wconf 79' lang='lat'>(20,21).</span> <span class='ocrx_word' id='word_1_183' title='bbox 1558 2286 1743 2338; x_wconf 79' lang='lat' dir='ltr'>Judex</span> <span class='ocrx_word' id='word_1_184' title='bbox 1782 2293 1965 2338; x_wconf 86' lang='lat' dir='ltr'>autem</span> <span class='ocrx_word' id='word_1_185' title='bbox 2011 2291 2229 2337; x_wconf 86' lang='lat' dir='ltr'>senten-</span> 
     </span>
     <span class='ocr_line' id='line_1_24' title="bbox 193 2366 2231 2433; baseline 0.002 -18"><span class='ocrx_word' id='word_1_186' title='bbox 193 2366 322 2415; x_wconf 85' lang='lat' dir='ltr'>tiam</span> <span class='ocrx_word' id='word_1_187' title='bbox 366 2366 549 2417; x_wconf 86' lang='lat' dir='ltr'>differt</span> <span class='ocrx_word' id='word_1_188' title='bbox 586 2366 718 2433; x_wconf 81' lang='lat'>(22).</span> <span class='ocrx_word' id='word_1_189' title='bbox 751 2367 978 2417; x_wconf 82' lang='lat' dir='ltr'>Interim</span> <span class='ocrx_word' id='word_1_190' title='bbox 1026 2367 1245 2430; x_wconf 72' lang='lat' dir='ltr'>Paulus,</span> <span class='ocrx_word' id='word_1_191' title='bbox 1289 2368 1341 2417; x_wconf 93' lang='lat' dir='ltr'>in</span> <span class='ocrx_word' id='word_1_192' title='bbox 1386 2367 1684 2419; x_wconf 81' lang='lat' dir='ltr'>laxioribus</span> <span class='ocrx_word' id='word_1_193' title='bbox 1726 2368 1957 2420; x_wconf 91' lang='lat' dir='ltr'>vinculis</span> <span class='ocrx_word' id='word_1_194' title='bbox 2005 2385 2231 2419; x_wconf 88' lang='lat' dir='ltr'>manens</span> 
     </span>
     <span class='ocr_line' id='line_1_25' title="bbox 195 2445 2231 2518; baseline 0.002 -21"><span class='ocrx_word' id='word_1_195' title='bbox 195 2445 329 2514; x_wconf 84' lang='lat'><strong>(23),</strong></span> <span class='ocrx_word' id='word_1_196' title='bbox 379 2448 546 2499; x_wconf 80' lang='lat' dir='ltr'>Felici</span> <span class='ocrx_word' id='word_1_197' title='bbox 587 2449 751 2499; x_wconf 84' lang='lat' dir='ltr'>fidem</span> <span class='ocrx_word' id='word_1_198' title='bbox 794 2449 1061 2516; x_wconf 82' lang='lat' dir='ltr'>praedicat</span> <span class='ocrx_word' id='word_1_199' title='bbox 1109 2448 1244 2515; x_wconf 71' lang='lat'>(24),</span> <span class='ocrx_word' id='word_1_200' title='bbox 1295 2467 1526 2518; x_wconf 88' lang='lat' dir='ltr'>eumque</span> <span class='ocrx_word' id='word_1_201' title='bbox 1570 2451 1822 2518; x_wconf 84' lang='lat' dir='ltr'>exposit-a</span> <span class='ocrx_word' id='word_1_202' title='bbox 1865 2450 2116 2501; x_wconf 84' lang='lat' dir='ltr'>doctrina</span> <span class='ocrx_word' id='word_1_203' title='bbox 2165 2450 2231 2501; x_wconf 92' lang='lat' dir='ltr'>de</span> 
     </span>
     <span class='ocr_line' id='line_1_26' title="bbox 119 2527 2227 2600; baseline 0.002 -22"><span class='ocrx_word' id='word_1_204' title='bbox 119 2598 123 2599; x_wconf 18' lang='lat'><em>⁷</em></span> <span class='ocrx_word' id='word_1_205' title='bbox 183 2527 389 2595; x_wconf 88' lang='lat' dir='ltr'>judicio</span> <span class='ocrx_word' id='word_1_206' title='bbox 417 2529 599 2580; x_wconf 86' lang='lat' dir='ltr'>futuro</span> <span class='ocrx_word' id='word_1_207' title='bbox 630 2537 903 2598; x_wconf 86' lang='lat' dir='ltr'>perterret</span> <span class='ocrx_word' id='word_1_208' title='bbox 952 2531 1329 2597; x_wconf 69' lang='lat' dir='ltr'>(25).P1·aeses</span> <span class='ocrx_word' id='word_1_209' title='bbox 1359 2538 1559 2595; x_wconf 86' lang='lat' dir='ltr'>tamen,</span> <span class='ocrx_word' id='word_1_210' title='bbox 1590 2541 1756 2599; x_wconf 83' lang='lat' dir='ltr'>quum</span> <span class='ocrx_word' id='word_1_211' title='bbox 1798 2550 2012 2600; x_wconf 86' lang='lat' dir='ltr'>semper</span> <span class='ocrx_word' id='word_1_212' title='bbox 2041 2540 2227 2600; x_wconf 87' lang='lat' dir='ltr'>speret</span> 
     </span>
     <span class='ocr_line' id='line_1_27' title="bbox 190 2610 2233 2681; baseline 0.002 -21"><span class='ocrx_word' id='word_1_213' title='bbox 190 2610 304 2661; x_wconf 90' lang='lat' dir='ltr'>fore</span> <span class='ocrx_word' id='word_1_214' title='bbox 346 2618 406 2662; x_wconf 85' lang='lat' dir='ltr'>ut</span> <span class='ocrx_word' id='word_1_215' title='bbox 451 2613 739 2679; x_wconf 88' lang='lat' dir='ltr'>pecuniam</span> <span class='ocrx_word' id='word_1_216' title='bbox 777 2613 845 2663; x_wconf 89' lang='lat' dir='ltr'>ab</span> <span class='ocrx_word' id='word_1_217' title='bbox 891 2631 952 2662; x_wconf 89' lang='lat' dir='ltr'>eo</span> <span class='ocrx_word' id='word_1_218' title='bbox 992 2614 1241 2678; x_wconf 83' lang='lat' dir='ltr'>accipiat,</span> <span class='ocrx_word' id='word_1_219' title='bbox 1287 2631 1408 2664; x_wconf 90' lang='lat' dir='ltr'>eum</span> <span class='ocrx_word' id='word_1_220' title='bbox 1448 2632 1543 2681; x_wconf 87' lang='lat' dir='ltr'>per</span> <span class='ocrx_word' id='word_1_221' title='bbox 1584 2614 1865 2666; x_wconf 88' lang='lat' dir='ltr'>biennium</span> <span class='ocrx_word' id='word_1_222' title='bbox 1907 2614 2134 2677; x_wconf 85' lang='lat' dir='ltr'>detinet,</span> <span class='ocrx_word' id='word_1_223' title='bbox 2178 2620 2233 2665; x_wconf 88' lang='lat' dir='ltr'>et</span> 
     </span>
     <span class='ocr_line' id='line_1_28' title="bbox 191 2694 1678 2765; baseline 0.003 -23"><span class='ocrx_word' id='word_1_224' title='bbox 191 2694 493 2744; x_wconf 84' lang='lat' dir='ltr'>successori</span> <span class='ocrx_word' id='word_1_225' title='bbox 521 2712 617 2745; x_wconf 88' lang='lat' dir='ltr'>suo</span> <span class='ocrx_word' id='word_1_226' title='bbox 648 2694 813 2745; x_wconf 79' lang='lat' dir='ltr'>Festo</span> <span class='ocrx_word' id='word_1_227' title='bbox 845 2695 1091 2746; x_wconf 78' lang='lat' dir='ltr'>vinctum</span> <span class='ocrx_word' id='word_1_228' title='bbox 1123 2695 1388 2765; x_wconf 84' lang='lat' dir='ltr'>relinquit</span> <span class='ocrx_word' id='word_1_229' title='bbox 1422 2696 1530 2762; x_wconf 84' lang='lat'><strong>(16,</strong></span> <span class='ocrx_word' id='word_1_230' title='bbox 1564 2695 1678 2762; x_wconf 80' lang='lat'><strong>27).</strong></span> 
     </span>
    </p>
   </div>
   <div class='ocr_carea' id='block_1_9' title="bbox 192 2957 2235 3643">
    <p class='ocr_par' dir='ltr' id='par_1_9' title="bbox 251 2957 2165 3018">
     <span class='ocr_line' id='line_1_29' title="bbox 251 2957 2165 3018; baseline 0.001 -16"><span class='ocrx_word' id='word_1_231' title='bbox 251 2957 322 3003; x_wconf 84' lang='lat'>34.</span> <span class='ocrx_word' id='word_1_232' title='bbox 352 2959 562 3003; x_wconf 85' lang='lat' dir='ltr'>Patriam</span> <span class='ocrx_word' id='word_1_233' title='bbox 588 2959 689 3016; x_wconf 86' lang='lat' dir='ltr'>ejus</span> <span class='ocrx_word' id='word_1_234' title='bbox 715 2964 903 3004; x_wconf 86' lang='lat' dir='ltr'>tantum</span> <span class='ocrx_word' id='word_1_235' title='bbox 927 2961 1146 3018; x_wconf 84' lang='lat' dir='ltr'>inquirit,</span> <span class='ocrx_word' id='word_1_236' title='bbox 1173 2960 1285 3018; x_wconf 87' lang='lat' dir='ltr'>quia</span> <span class='ocrx_word' id='word_1_237' title='bbox 1309 2960 1518 3017; x_wconf 87' lang='lat' dir='ltr'>elogium</span> <span class='ocrx_word' id='word_1_238' title='bbox 1544 2960 1666 3004; x_wconf 85' lang='lat' dir='ltr'>nihil</span> <span class='ocrx_word' id='word_1_239' title='bbox 1691 2961 1777 3004; x_wconf 89' lang='lat' dir='ltr'>hac</span> <span class='ocrx_word' id='word_1_240' title='bbox 1801 2960 1859 3004; x_wconf 85' lang='lat' dir='ltr'>dc</span> <span class='ocrx_word' id='word_1_241' title='bbox 1883 2973 1934 3004; x_wconf 85' lang='lat' dir='ltr'>re</span> <span class='ocrx_word' id='word_1_242' title='bbox 1960 2959 2165 3005; x_wconf 86' lang='lat' dir='ltr'>dicebat.</span> 
     </span>
    </p>

    <p class='ocr_par' dir='ltr' id='par_1_10' title="bbox 192 3028 2235 3643">
     <span class='ocr_line' id='line_1_30' title="bbox 251 3028 2234 3088; baseline 0.002 -17"><span class='ocrx_word' id='word_1_243' title='bbox 251 3028 320 3073; x_wconf 81' lang='lat'>35.</span> <span class='ocrx_word' id='word_1_244' title='bbox 358 3030 589 3074; x_wconf 80' lang='lat' dir='ltr'>AUDIAM:</span> <span class='ocrx_word' id='word_1_245' title='bbox 623 3036 894 3083; x_wconf 86' lang='grc' dir='ltr'><em>διακουσομαι,</em></span> <span class='ocrx_word' id='word_1_246' title='bbox 930 3031 992 3075; x_wconf 78' lang='lat' dir='ltr'>ad</span> <span class='ocrx_word' id='word_1_247' title='bbox 1014 3031 1159 3086; x_wconf 75' lang='lat' dir='ltr'>finem</span> <span class='ocrx_word' id='word_1_248' title='bbox 1190 3045 1334 3088; x_wconf 76' lang='lat' dir='ltr'>usque</span> <span class='ocrx_word' id='word_1_249' title='bbox 1368 3031 1562 3075; x_wconf 77' lang='lat' dir='ltr'>audiam</span> <span class='ocrx_word' id='word_1_250' title='bbox 1595 3035 1659 3083; x_wconf 71' lang='lat' dir='ltr'>te;</span> <span class='ocrx_word' id='word_1_251' title='bbox 1703 3045 1922 3088; x_wconf 88' lang='lat' dir='ltr'>namque,</span> <span class='ocrx_word' id='word_1_252' title='bbox 1967 3036 2020 3074; x_wconf 85' lang='lat' dir='ltr'>ut</span> <span class='ocrx_word' id='word_1_253' title='bbox 2058 3031 2125 3076; x_wconf 86' lang='lat' dir='ltr'>ait</span> <span class='ocrx_word' id='word_1_254' title='bbox 2161 3031 2234 3075; x_wconf 83' lang='lat' dir='ltr'>lex</span> 
     </span>
     <span class='ocr_line' id='line_1_31' title="bbox 194 3098 2233 3158; baseline 0 -16"><span class='ocrx_word' id='word_1_255' title='bbox 194 3098 322 3155; x_wconf 81' lang='lat' dir='ltr'>(Dig.</span> <span class='ocrx_word' id='word_1_256' title='bbox 344 3098 419 3151; x_wconf 72' lang='lat'>48,</span> <span class='ocrx_word' id='word_1_257' title='bbox 443 3100 488 3154; x_wconf 85' lang='lat'>3)</span> <span class='ocrx_word' id='word_1_258' title='bbox 516 3118 524 3143; x_wconf 93' lang='lat'>:</span> <span class='ocrx_word' id='word_1_259' title='bbox 557 3110 574 3130; x_wconf 84' lang='lat'>‘¹</span> <span class='ocrx_word' id='word_1_260' title='bbox 605 3099 696 3156; x_wconf 76' lang='lat' dir='ltr'>Qui</span> <span class='ocrx_word' id='word_1_261' title='bbox 723 3116 831 3145; x_wconf 89' lang='lat' dir='ltr'>cum</span> <span class='ocrx_word' id='word_1_262' title='bbox 857 3101 1011 3158; x_wconf 86' lang='lat' dir='ltr'>elogio</span> <span class='ocrx_word' id='word_1_263' title='bbox 1039 3101 1166 3155; x_wconf 88' lang='lat' dir='ltr'>(cum</span> <span class='ocrx_word' id='word_1_264' title='bbox 1192 3101 1467 3146; x_wconf 85' lang='lat' dir='ltr'>testimonio</span> <span class='ocrx_word' id='word_1_265' title='bbox 1503 3101 1699 3158; x_wconf 87' lang='lat' dir='ltr'>scripto)</span> <span class='ocrx_word' id='word_1_266' title='bbox 1728 3101 2011 3152; x_wconf 83' lang='lat' dir='ltr'>mittuntur,</span> <span class='ocrx_word' id='word_1_267' title='bbox 2038 3115 2094 3144; x_wconf 80' lang='lat' dir='ltr'>ex</span> <span class='ocrx_word' id='word_1_268' title='bbox 2115 3102 2233 3144; x_wconf 85' lang='lat' dir='ltr'>into-</span> 
     </span>
     <span class='ocr_line' id='line_1_32' title="bbox 192 3167 2235 3227; baseline 0.001 -17"><span class='ocrx_word' id='word_1_269' title='bbox 192 3181 280 3225; x_wconf 88' lang='lat' dir='ltr'>gro</span> <span class='ocrx_word' id='word_1_270' title='bbox 304 3167 528 3212; x_wconf 83' lang='lat' dir='ltr'>audiendi</span> <span class='ocrx_word' id='word_1_271' title='bbox 551 3173 680 3214; x_wconf 85' lang='lat' dir='ltr'>sunt.</span> <span class='ocrx_word' id='word_1_272' title='bbox 708 3189 724 3210; x_wconf 78' lang='lat' dir='ltr'><em>n</em></span> <span class='ocrx_word' id='word_1_273' title='bbox 761 3192 810 3202; x_wconf 79' lang='lat'>—</span> <span class='ocrx_word' id='word_1_274' title='bbox 836 3169 1112 3214; x_wconf 69' lang='lat' dir='ltr'>PRAEmmm</span> <span class='ocrx_word' id='word_1_275' title='bbox 1139 3183 1294 3226; x_wconf 73' lang='lat' dir='ltr'>graece</span> <span class='ocrx_word' id='word_1_276' title='bbox 1326 3188 1566 3225; x_wconf 69' lang='grc' dir='ltr'>πραιτωριῳ,</span> <span class='ocrx_word' id='word_1_277' title='bbox 1595 3185 1701 3227; x_wconf 83' lang='lat' dir='ltr'>quae</span> <span class='ocrx_word' id='word_1_278' title='bbox 1742 3184 1832 3214; x_wconf 82' lang='lat' dir='ltr'>vox</span> <span class='ocrx_word' id='word_1_279' title='bbox 1865 3170 2053 3226; x_wconf 87' lang='lat' dir='ltr'>origine</span> <span class='ocrx_word' id='word_1_280' title='bbox 2087 3170 2235 3214; x_wconf 87' lang='lat' dir='ltr'>latina</span> 
     </span>
     <span class='ocr_line' id='line_1_33' title="bbox 193 3234 2232 3296; baseline 0.001 -16"><span class='ocrx_word' id='word_1_281' title='bbox 193 3239 282 3280; x_wconf 84' lang='lat' dir='ltr'>est.</span> <span class='ocrx_word' id='word_1_282' title='bbox 313 3234 365 3279; x_wconf 82' lang='lat' dir='ltr'>Si</span> <span class='ocrx_word' id='word_1_283' title='bbox 389 3250 547 3280; x_wconf 85' lang='lat' dir='ltr'>sermo</span> <span class='ocrx_word' id='word_1_284' title='bbox 570 3237 634 3282; x_wconf 83' lang='lat' dir='ltr'>sit</span> <span class='ocrx_word' id='word_1_285' title='bbox 657 3237 714 3281; x_wconf 82' lang='lat' dir='ltr'>de</span> <span class='ocrx_word' id='word_1_286' title='bbox 741 3237 959 3283; x_wconf 78' lang='lat' dir='ltr'>Romanu.</span> <span class='ocrx_word' id='word_1_287' title='bbox 984 3238 1243 3295; x_wconf 86' lang='lat' dir='ltr'>provincia,</span> <span class='ocrx_word' id='word_1_288' title='bbox 1270 3252 1354 3294; x_wconf 88' lang='lat' dir='ltr'>per</span> <span class='ocrx_word' id='word_1_289' title='bbox 1375 3239 1646 3295; x_wconf 61' lang='lat' dir='ltr'>praetorium</span> <span class='ocrx_word' id='word_1_290' title='bbox 1670 3239 1964 3296; x_wconf 82' lang='lat' dir='ltr'>intelligitur</span> <span class='ocrx_word' id='word_1_291' title='bbox 1989 3239 2232 3295; x_wconf 82' lang='lat' dir='ltr'>palatium,</span> 
     </span>
     <span class='ocr_line' id='line_1_34' title="bbox 193 3305 2231 3364; baseline 0.003 -16"><span class='ocrx_word' id='word_1_292' title='bbox 193 3305 244 3348; x_wconf 86' lang='lat' dir='ltr'>in</span> <span class='ocrx_word' id='word_1_293' title='bbox 275 3318 370 3361; x_wconf 89' lang='lat' dir='ltr'>quo</span> <span class='ocrx_word' id='word_1_294' title='bbox 402 3306 758 3362; x_wconf 82' lang='lat' dir='ltr'>provinciarum</span> <span class='ocrx_word' id='word_1_295' title='bbox 795 3308 1025 3364; x_wconf 79' lang='lat' dir='ltr'>praesides</span> <span class='ocrx_word' id='word_1_296' title='bbox 1059 3307 1396 3361; x_wconf 82' lang='lat' dir='ltr'>(Proconsules</span> <span class='ocrx_word' id='word_1_297' title='bbox 1431 3309 1504 3351; x_wconf 86' lang='lat' dir='ltr'>vel</span> <span class='ocrx_word' id='word_1_298' title='bbox 1545 3308 1973 3363; x_wconf 79' lang='lat' dir='ltr'>Propraetores,&#39;cf.</span> <span class='ocrx_word' id='word_1_299' title='bbox 2008 3307 2154 3358; x_wconf 87' lang='lat' dir='ltr'><strong>XIII,</strong></span> <span class='ocrx_word' id='word_1_300' title='bbox 2189 3308 2231 3361; x_wconf 91' lang='grc'>7)</span> 
     </span>
     <span class='ocr_line' id='line_1_35' title="bbox 193 3372 2234 3435; baseline 0.001 -19"><span class='ocrx_word' id='word_1_301' title='bbox 193 3372 474 3418; x_wconf 82' lang='lat' dir='ltr'>habitabant</span> <span class='ocrx_word' id='word_1_302' title='bbox 510 3380 558 3419; x_wconf 86' lang='lat' dir='ltr'>et</span> <span class='ocrx_word' id='word_1_303' title='bbox 592 3374 672 3432; x_wconf 86' lang='lat' dir='ltr'>jus</span> <span class='ocrx_word' id='word_1_304' title='bbox 706 3376 948 3421; x_wconf 87' lang='lat' dir='ltr'>dicebant.</span> <span class='ocrx_word' id='word_1_305' title='bbox 982 3377 1074 3422; x_wconf 90' lang='lat' dir='ltr'>Hic</span> <span class='ocrx_word' id='word_1_306' title='bbox 1108 3376 1286 3421; x_wconf 84' lang='lat' dir='ltr'>dicitur</span> <span class='ocrx_word' id='word_1_307' title='bbox 1318 3377 1586 3433; x_wconf 74' lang='lat' dir='ltr'>proetorium</span> <span class='ocrx_word' id='word_1_308' title='bbox 1620 3376 1839 3430; x_wconf 78' lang='lat' dir='ltr'>Herodis,</span> <span class='ocrx_word' id='word_1_309' title='bbox 1871 3378 1984 3435; x_wconf 84' lang='lat' dir='ltr'>quia</span> <span class='ocrx_word' id='word_1_310' title='bbox 2017 3376 2234 3421; x_wconf 86' lang='lat' dir='ltr'>Herodes</span> 
     </span>
     <span class='ocr_line' id='line_1_36' title="bbox 194 3443 2235 3503; baseline 0.001 -16"><span class='ocrx_word' id='word_1_311' title='bbox 194 3443 405 3500; x_wconf 85' lang='lat' dir='ltr'>Magnus</span> <span class='ocrx_word' id='word_1_312' title='bbox 444 3444 675 3500; x_wconf 85' lang='lat' dir='ltr'>palatium</span> <span class='ocrx_word' id='word_1_313' title='bbox 718 3445 838 3490; x_wconf 87' lang='lat' dir='ltr'>illud</span> <span class='ocrx_word' id='word_1_314' title='bbox 875 3446 987 3491; x_wconf 85' lang='lat' dir='ltr'>olim</span> <span class='ocrx_word' id='word_1_315' title='bbox 1027 3450 1360 3503; x_wconf 86' lang='lat' dir='ltr'>occupaverat,</span> <span class='ocrx_word' id='word_1_316' title='bbox 1391 3446 1468 3490; x_wconf 86' lang='lat' dir='ltr'>vel</span> <span class='ocrx_word' id='word_1_317' title='bbox 1501 3447 1645 3490; x_wconf 85' lang='lat' dir='ltr'>etiam</span> <span class='ocrx_word' id='word_1_318' title='bbox 1688 3447 2022 3492; x_wconf 74' lang='lat' dir='ltr'>aedificaverat.</span> <span class='ocrx_word' id='word_1_319' title='bbox 2075 3447 2235 3503; x_wconf 87' lang='lat' dir='ltr'>Igitur</span> 
     </span>
     <span class='ocr_line' id='line_1_37' title="bbox 197 3512 2233 3573; baseline 0.001 -17"><span class='ocrx_word' id='word_1_320' title='bbox 197 3512 380 3557; x_wconf 82' lang='lat' dir='ltr'>Paulus</span> <span class='ocrx_word' id='word_1_321' title='bbox 404 3513 454 3557; x_wconf 83' lang='lat' dir='ltr'>in</span> <span class='ocrx_word' id='word_1_322' title='bbox 481 3528 719 3559; x_wconf 85' lang='lat' dir='ltr'>carcerem</span> <span class='ocrx_word' id='word_1_323' title='bbox 744 3515 1044 3560; x_wconf 87' lang='lat' dir='ltr'>ordinarium</span> <span class='ocrx_word' id='word_1_324' title='bbox 1070 3515 1314 3573; x_wconf 83' lang='lat' dir='ltr'>conjectus</span> <span class='ocrx_word' id='word_1_325' title='bbox 1337 3529 1432 3561; x_wconf 89' lang='lat' dir='ltr'>non</span> <span class='ocrx_word' id='word_1_326' title='bbox 1454 3515 1569 3567; x_wconf 79' lang='lat' dir='ltr'>fuit3</span> <span class='ocrx_word' id='word_1_327' title='bbox 1595 3515 1804 3560; x_wconf 86' lang='lat' dir='ltr'>fortasse</span> <span class='ocrx_word' id='word_1_328' title='bbox 1823 3516 1929 3561; x_wconf 88' lang='lat' dir='ltr'>ideo</span> <span class='ocrx_word' id='word_1_329' title='bbox 1954 3516 2080 3573; x_wconf 87' lang='lat' dir='ltr'>quod</span> <span class='ocrx_word' id='word_1_330' title='bbox 2104 3516 2233 3560; x_wconf 78' lang='lat' dir='ltr'>testi-</span> 
     </span>
     <span class='ocr_line' id='line_1_38' title="bbox 196 3583 1863 3643; baseline 0.003 -17"><span class='ocrx_word' id='word_1_331' title='bbox 196 3583 410 3627; x_wconf 89' lang='lat' dir='ltr'>monium</span> <span class='ocrx_word' id='word_1_332' title='bbox 438 3583 488 3627; x_wconf 92' lang='lat' dir='ltr'>in</span> <span class='ocrx_word' id='word_1_333' title='bbox 513 3583 668 3630; x_wconf 85' lang='lat' dir='ltr'>literis</span> <span class='ocrx_word' id='word_1_334' title='bbox 694 3585 851 3643; x_wconf 84' lang='lat' dir='ltr'>Lysiae</span> <span class='ocrx_word' id='word_1_335' title='bbox 875 3585 932 3630; x_wconf 85' lang='lat' dir='ltr'>de</span> <span class='ocrx_word' id='word_1_336' title='bbox 958 3600 1012 3630; x_wconf 88' lang='lat' dir='ltr'>eo</span> <span class='ocrx_word' id='word_1_337' title='bbox 1036 3585 1269 3630; x_wconf 84' lang='lat' dir='ltr'>traditum</span> <span class='ocrx_word' id='word_1_338' title='bbox 1294 3585 1410 3629; x_wconf 84' lang='lat' dir='ltr'>satis</span> <span class='ocrx_word' id='word_1_339' title='bbox 1433 3585 1698 3642; x_wconf 85' lang='lat' dir='ltr'>benignum</span> <span class='ocrx_word' id='word_1_340' title='bbox 1721 3591 1863 3631; x_wconf 78' lang='lat' dir='ltr'>esset.</span> 
     </span>
    </p>
   </div>
   <div class='ocr_carea' id='block_1_10' title="bbox 0 3795 443 4030">
    <p class='ocr_par' dir='ltr' id='par_1_11' title="bbox 0 3795 443 4030">
     <span class='ocr_line' id='line_1_39' title="bbox 0 3795 443 4030; baseline 0 0"><span class='ocrx_word' id='word_1_341' title='bbox 0 3795 443 4030; x_wconf 95' lang='lat' dir='ltr'> </span> 
     </span>
    </p>
   </div>
  </div>
 </body>
</html>
