2430 4030
514 351 580 387 nn
622 349 1022 387 consensionum
1059 351 1352 388 JUDAEORUM
1392 353 1500 389 eim
1540 353 1858 391 Gemmeus,
2096 342 2200 393 293

164 481 301 532 bant
350 498 540 532 manus
592 479 775 546 (Mati.
834 479 958 542 XV,
1001 481 1077 547 2),
1122 486 1177 532 et
1221 487 1494 552 tamquam
1525 483 1881 550 proverbium
1923 483 2202 536 dicebant:

169 562 260 616 Sit
291 562 390 614 tibi
412 562 549 613 sicut
575 562 814 613 ethnicus
842 565 888 612 et
914 562 1248 630 publicanus,
1280 564 1478 616 Matth.
1504 564 1724 628 XVIII,
1757 565 1840 617 17.

239 644 306 695 Id
346 650 527 695 tamen
575 643 939 696 animadverti
986 645 1171 709 debet,
1234 647 1326 697 illa
1361 648 1542 699 omnia
1581 667 1612 698 a
1654 647 1863 699 Judaeis
1911 648 2206 702 observata

162 745 271 778 non
316 727 484 778 fuisse
530 733 688 779 extra
737 728 1084 780 Palaestinam
1135 730 1204 781 ob
1254 731 1392 782 hanc
1439 748 1656 782 causam
1706 731 1851 800 quod
1901 738 2092 783 essent
2152 734 2207 783 in

163 809 344 861 exilio.
391 809 528 873 Im0,
567 811 713 861 intra
758 810 934 879 ipsam
987 811 1352 877 Palaestinam,
1401 814 1501 864 sub
1550 813 1758 864 ditione
1806 813 2201 879 Romanorum,

163 909 368 944 severae
412 893 533 946 istae
569 893 999 945 consuetudines
1042 895 1301 947 relaxatae
1341 896 1564 948 fuerunt
1610 896 1945 965 (praesertim
1989 915 2020 948 a
2071 897 2208 950 Sad-

163 974 411 1043 ducaeis),
440 981 500 1026 ut
529 976 715 1027 statim
747 975 1018 1027 dicemus,

239 1056 293 1109 7⁰
333 1057 599 1123 Gentiles,
637 1059 729 1127 qui
760 1058 1028 1127 proselyti
1067 1065 1243 1123 erant,
1279 1077 1387 1111 non
1424 1066 1535 1112 tam
1574 1079 1764 1129 aspere
1809 1062 2205 1115 tractabantur.

167 1142 414 1211 Duplicis
452 1149 636 1194 autem
679 1143 902 1211 generis
946 1142 1234 1211 proselytos
1273 1144 1555 1211 (προσηλυτος,
1598 1164 1628 1197 a
1654 1168 1748 1204 προς
1796 1153 1851 1199 eb
1879 1155 2019 1200 ελυθω,
2059 1145 2203 1197 idem

167 1243 228 1276 ao
253 1246 435 1283 ερχομαι,
482 1226 627 1294 sign.
672 1224 892 1294 proprie
940 1224 1167 1292 advena)
1222 1226 1566 1295 distinguere
1617 1235 1851 1297 oportet,
1905 1229 2204 1281 secundum

168 1308 470 1372 Rabbinos,
517 1308 801 1359 nimirum:
846 1312 1019 1375 portce
1049 1309 1375 1376 etjustt‘lioe.
1419 1310 1543 1361 Jam
1586 1329 1713 1363 vero
1747 1312 2010 1381 proselyti
2041 1315 2209 1378 portce

174 1392 288 1460 (qui
328 1411 472 1461 saepe
510 1397 775 1444 vocantur
810 1401 846 1438 οἱ
869 1400 1080 1449 σεβομενοι
1125 1393 1386 1456 colenteS,
1428 1394 1721 1447 subaudito
1759 1417 1827 1441 τον
1855 1405 1972 1451 Θεον,
2017 1394 2209 1455 Deum,

171 1492 222 1526 V.
251 1492 336 1542 gr.
370 1477 495 1526 Act.
530 1476 634 1542 Ap.
663 1474 830 1538 XIII,
871 1475 958 1538 50,
986 1474 1143 1538 XVI,
1176 1475 1240 1524 14
1269 1477 1396 1543 etc.)
1436 1476 1472 1526 ii
1501 1481 1655 1528 erant
1684 1478 1864 1546 quiex
1887 1477 2211 1529 commercio

170 1576 293 1610 cum
330 1559 541 1611 Judaeis
578 1559 647 1611 ad
675 1560 1052 1628 cognitionem
1090 1561 1249 1612 unius
1278 1562 1392 1613 veri
1437 1562 1536 1612 Dei
1573 1569 1955 1631 pervenerant,
1996 1569 2068 1626 et,
2115 1563 2211 1612 fal·

171 1659 354 1692 sorum
403 1641 629 1693 deorum
682 1643 830 1694 cultu
884 1643 1157 1705 abdicat0‚
1211 1642 1449 1695 fideliter
1502 1662 1623 1695 eum
1677 1645 1951 1709 colebant,
2009 1646 2212 1714 quique

171 1732 436 1796 praeterea
473 1732 686 1795 septem
725 1733 1018 1796 praecepta,
1063 1745 1183 1796 quae
1216 1719 1472 1779 dicuntur
1500 1727 1770 1780 Noaehiea
1814 1729 1912 1796 (1),
1954 1729 2211 1780 observa-

172 1811 324 1874 bant,
369 1810 500 1879 quin
546 1816 728 1862 tamen
777 1816 962 1862 essent
1008 1811 1332 1874 circumcisi,
1386 1817 1479 1862 aut
1532 1818 1712 1864 cetera
1759 1813 1900 1880 legis
1956 1811 2212 1863 Mosaicae

175 1891 432 1943 mandata
458 1892 820 1944 custodirent.
865 1892 1152 1944 Cornelius
1189 1898 1391 1956 autem,
1423 1892 1488 1944 de
1520 1911 1624 1962 quo
1667 1895 1790 1947 Act.
1819 1894 1888 1959 X,
1910 1893 2212 1962 proselytus

177 1974 345 2026 fuisse
373 1992 481 2026 non
513 1974 759 2038 videtur3
793 1979 956 2044 atque
984 1975 1107 2026 ideo
1147 1975 1341 2026 mirum
1370 1994 1476 2026 nou
1506 1982 1607 2039 est,
1639 1976 1846 2027 dixisse
1890 1995 1933 2028 s.
1966 1977 2209 2037 Petrum,

180 2059 333 2111 nefas
364 2059 532 2111 fuisse
567 2059 778 2112 Judeeis
816 2078 939 2112 cum
977 2060 1116 2128 ipsc,
1156 2066 1346 2129 utpote
1387 2062 1604 2128 gentili,
1646 2061 1989 2113 familiariter
2028 2079 2212 2128 agere,

121 2168 124 2171 *
181 2142 487 2211 praesertim
526 2142 583 2193 in
621 2160 678 2194 re
718 2141 994 2212 religiosa.
1040 2142 1347 2194 Prohibitio
1390 2148 1574 2195 tamen
1614 2143 1725 2207 illa,
1768 2162 1933 2212 quum
1964 2143 2213 2194 doctrina

180 2223 558 2277 Rabbinorum
595 2231 804 2277 tantum
848 2225 1137 2288 niteretur,
1179 2243 1287 2277 non
1324 2227 1515 2277 stricte
1563 2226 1996 2294 intelligebatur,
2038 2243 2105 2276 ne
2146 2224 2214 2275 ab

182 2307 316 2376 ipsis
372 2307 593 2375 quidem
649 2307 956 2370 pharisaeis,
1011 2307 1244 2358 maxime
1295 2307 1362 2357 ab
1411 2325 1473 2358 eo
1527 2313 1773 2375 tempore
1828 2325 1932 2376 quo
1987 2305 2218 2358 Romani

187 2389 539 2442 Palaestinam
569 2391 624 2441 in
674 2390 1015 2443 Provinciam
1059 2390 1406 2458 redegerant.
1453 2390 1690 2454 Etenim,
1723 2390 1769 2440 si
1798 2389 1978 2441 Judaei
2008 2388 2217 2440 nul-lum

185 2472 318 2524 vitae
365 2472 751 2524 commercium
799 2490 922 2524 cum
969 2472 1275 2541 gentilibus
1324 2472 1524 2523 habere
1573 2472 1903 2540 potuissent,
1949 2470 2217 2540 quomodo

183 2555 240 2606 in
270 2573 457 2606 eorum
487 2555 844 2607 conversione
872 2555 1248 2607 elaborassent
1277 2572 1396 2606 cum
1426 2555 1518 2606 illa
1548 2555 1781 2606 maxima
1819 2553 2107 2622 diligentia
2152 2552 2219 2603 de

188 2654 294 2706 qua
322 2637 527 2689 Matth.
557 2637 780 2701 XXIII,
816 2636 917 2688 15?
950 2637 1067 2690 Hac
1094 2638 1475 2690 observatione
1505 2637 1734 2690 solvitur
1764 2636 2053 2688 difficultas
2077 2652 2219 2703 quae-
2263 2688 2268 2692 ,

185 2719 310 2770 dam
338 2737 369 2769 a
395 2719 740 2787 rationalista
768 2719 845 2770 De
881 2718 1046 2772 Wette
1074 2707 1421 2787 excogitata:
1461 2719 1529 2771 cf.
1558 2724 1746 2771 annot.
1790 2719 1846 2769 in
1875 2720 2001 2770 Act.
2029 2717 2098 2780 X,
2130 2717 2216 2769 28.

261 2802 314 2852 8⁰
339 2800 579 2852 Tandem
597 2801 1109 2870 proselytljustilice
1138 2802 1606 2854 circumcisionem
1642 2801 1986 2870 accipiebant
2015 2801 2217 2868 legem-

188 2902 293 2954 que
339 2884 550 2953 Moysis
590 2885 900 2937 universam
938 2885 1341 2937 observabant:
1387 2885 1741 2954 quamobrem
1781 2884 1937 2952 genti
1973 2883 2218 2935 <Iudaicae

189 2966 344 3036 quasi
371 2961 569 3018 inserti
594 2973 770 3030 erant,
799 2972 856 3018 et
883 2967 939 3018 iu
968 2966 1222 3018 omnibus
1244 2967 1463 3035 juribus
1491 2967 1624 3035 ipsis
1654 2965 1864 3017 <Iudaeis
1900 2964 2011 3017 fere
2052 2966 2218 3034 eequi-

192 3049 551 3118 parabantur.
599 3048 854 3114 Quidam,
909 3054 1185 3117 tamquam
1238 3048 1471 3118 indigni,
1525 3049 1594 3100 ab
1642 3049 1741 3100 hac
1787 3048 1928 3116 juris
1982 3048 2223 3100 hebraici

195 3134 596 3198 communione,
635 3134 720 3186 vel
766 3138 1050 3203 perpetuo,
1091 3133 1176 3185 vel
1217 3132 1286 3184 ad
1327 3138 1544 3201 tempus
1589 3131 2051 3185 excludebantur:
2099 3133 2223 3183 reli-

249 3256 303 3311 (1)
327 3259 565 3310 Praecepta,
587 3271 684 3310 quse
707 3271 732 3297 a
754 3261 780 3297 J
786 3259 923 3299 udaeis
952 3261 1162 3299 vocantur
1193 3259 1404 3299 Noaohica
1431 3257 1624 3310 (nomine
1645 3257 1829 3298 deducto
1859 3269 1885 3296 a
1916 3259 1998 3298 Noe
2028 3257 2227 3296 hebraice

193 3323 348 3373 Noach,
368 3324 491 3376 cujus
507 3317 613 3364 ‘filiis
633 3325 799 3364 tradita
821 3328 924 3364 sunt
945 3335 971 3362 a
994 3325 1096 3373 Deo,
1114 3324 1151 3364 si
1172 3324 1385 3363 Rabbinis
1406 3323 1668 3363 credendum
1690 3323 1761 3370 sit,
1783 3334 1979 3372 quaeque,
1994 3322 2228 3361 secundum

193 3391 376 3430 istorum
395 3390 657 3440 doctrinam,
674 3391 730 3431 ab
747 3391 946 3432 omnibus
962 3390 1206 3430 hominibus
1229 3393 1332 3429 sunt
1351 3389 1634 3438 observanda,
1651 3390 1875 3438 tamquam
1897 3388 1951 3426 ad
1967 3389 2039 3439 jus
2061 3391 2229 3441 naturae

193 3456 484 3508 pertineant),
507 3458 738 3507 sequentia
758 3459 862 3496 sunt
883 3471 892 3495 ε
914 3456 1134 3496 abstinere
1155 3454 1198 3494 1ο
1218 3468 1245 3494 a
1265 3457 1386 3495 cultu
1407 3455 1612 3495 falsorum
1635 3455 1831 3502 deorum3
1855 3455 1898 3491 20
1920 3465 1945 3491 a
1965 3453 2230 3503 blasphemia

116 3555 127 3560 -
195 3533 273 3561 seu
293 3521 597 3563 maledicentia
616 3535 675 3564 ss.
697 3522 899 3562 Nominis
920 3523 1022 3569 Dei3
1043 3524 1088 3561 3⁰
1108 3522 1164 3562 ab
1183 3523 1374 3570 incestu3
1394 3518 1440 3560 4⁰
1460 3522 1513 3560 ab
1534 3520 1786 3568 homicidio;
1820 3519 1860 3559 5⁰
1881 3532 1906 3558 a
1929 3521 2091 3570 rapina,
2115 3519 2230 3557 furto

196 3589 302 3635 etc.;
322 3584 366 3626 6⁰
393 3599 420 3627 a
448 3588 723 3629 contumacia
753 3588 799 3627 in
827 3588 1124 3639 magistratus,
1140 3587 1309 3639 judices
1339 3594 1445 3636 etc.;
1466 3583 1513 3628 '7⁰
1533 3585 1726 3634 tandem,
1746 3585 1799 3625 ab
1823 3597 1899 3625 esu
1919 3584 2111 3623 carnium
2132 3596 2228 3623 san-

196 3652 565 3705 guinolentarum.

1958 3714 2011 3758 19
