2430 4030
439 359 587 404 QUAM
630 361 779 396 mun
820 363 899 397 srr
936 363 1003 398 AD
1044 365 1254 401 me'run
1293 367 1515 404 eaAEcuM
1555 370 1884 408 Rucuaunau.
2112 360 2178 410 25

147 505 385 555 graecam
426 489 670 557 linguam
708 491 933 558 pulchre
974 494 1212 546 calleret.
1256 496 1436 565 Ipsius
1466 498 1683 566 quidem
1719 499 1869 550 Pauli
1896 503 2075 554 varius
2099 514 2183 555 est

149 570 408 639 loquendi
437 571 647 632 modus,
677 579 840 639 prout
866 591 1047 624 coram
1075 576 1286 628 Judaeis
1318 580 1400 628 vel
1446 579 1624 629 coram
1653 581 1954 647 gentilibus
1982 601 2181 637 sermo-

148 671 274 705 nem
317 653 484 704 habet
529 675 539 705 z
581 673 666 705 ex.
717 674 802 724 gr.
847 674 964 724 cap.
1008 657 1174 719 XIII,
1222 661 1304 721 16,
1347 661 1512 728 longo
1553 664 1726 712 utitur
1765 665 1993 716 circuitu
2034 674 2092 717 ut
2118 669 2186 719 ad

148 747 536 803 argumentum
577 755 735 788 suum
764 739 1084 806 perveniat,
1129 742 1340 808 qualem
1381 761 1507 792 sane
1537 756 1688 794 extra
1716 763 2050 815 synagogam
2078 768 2186 801 non

70 846 76 852 —
148 817 508 870 adhibuisset.
553 818 774 881 Contra,
814 821 872 870 in
912 822 1156 873 oratione
1185 824 1253 874 ad
1283 825 1664 889 AthenienseS,
1709 838 1904 895 praeter
1933 831 2184 899 majorem

148 901 279 969 styli
331 902 645 970 puritatem,
693 917 941 954 servatur
991 905 1238 972 quaedam
1285 907 1526 959 brevitas
1574 910 1776 972 Attica,
1823 929 1926 979 qua
1972 915 2187 982 singula

149 984 318 1035 verba
360 1003 517 1036 suum
555 986 810 1036 obtinent
848 987 1031 1038 finem.
1068 990 1234 1040 Porro
1267 989 1596 1058 Stephanus,
1627 1009 1735 1042 non
1764 998 2039 1061 tamquam
2066 1013 2182 1047 ora-

151 1075 238 1118 tor
266 1068 405 1119 bene
433 1069 710 1120 accinctus
738 1070 1110 1134 concionatur,
1158 1072 1253 1122 sed
1293 1074 1474 1141 potius
1515 1074 1890 1140 ratiocinatur,
1929 1078 2069 1128 sicut
2107 1081 2188 1131 vir

152 1150 366 1216 doctus,
397 1153 490 1221 qui
519 1153 717 1204 thesim
746 1153 1054 1204 eruditione
1082 1155 1334 1206 refertam
1378 1157 1656 1223 paululum
1698 1157 1889 1209 diffuse
1927 1162 2184 1228 exponit3

151 1254 298 1304 saepe
343 1237 399 1287 in
448 1237 820 1306 digressiones
866 1237 1000 1301 abit,
1032 1257 1151 1307 quae
1195 1241 1348 1306 quasi
1394 1258 1461 1290 ex
1507 1240 1672 1290 nimia
1716 1241 1978 1294 doctrinae
2017 1244 2188 1295 scien-

153 1321 356 1389 tiaeque
385 1323 540 1389 copia
569 1321 898 1372 redundant.
932 1322 1012 1373 Of.
1046 1329 1230 1374 annot.
1269 1341 1386 1391 cap.
1431 1323 1560 1374 VII.

369 1501 396 1568 ᾧ
447 1500 527 1549 15.
575 1499 648 1548 De
689 1499 1034 1549 cibationibus
1074 1518 1097 1548 e
1135 1503 1296 1549 vetere
1343 1499 1674 1550 Testamento
1715 1500 1973 1552 adductis.

229 1643 407 1712 Supra
447 1644 560 1713 jam
603 1644 1106 1706 animadvertimus,
1156 1645 1211 1694 iu
1260 1645 1493 1695 Actibus
1547 1646 1934 1712 Apostolorum
1989 1649 2186 1699 veteris

156 1725 496 1777 Testamenti
555 1728 856 1778 sententias
908 1746 936 1777 e
991 1730 1239 1778 versione
1299 1727 1686 1789 Alexandrina,
1745 1746 1864 1795 quae
1907 1729 1971 1780 70
2013 1730 2190 1780 Inter-

156 1815 370 1877 pretum
433 1810 651 1873 dicitur,
699 1819 1012 1861 constanter
1060 1812 1375 1879 desumptas
1428 1828 1582 1872 esse,
1638 1811 1799 1861 etiam
1858 1824 1973 1860 tum
2028 1831 2187 1880 quum

155 1912 341 1944 eorum
373 1895 684 1945 referuntur
724 1896 890 1946 verba
931 1896 1022 1963 qui
1062 1896 1251 1963 procul
1281 1895 1446 1946 dubio
1476 1902 1684 1944 textum
1716 1896 1990 1945 hebraeum
2021 1899 2190 1946 secuti

155 1988 306 2038 sunt,
360 1995 411 2028 v.
466 1995 550 2045 gr.
605 1979 659 2027 in
708 1978 954 2027 oratione
1006 1996 1048 2027 s.
1097 1977 1307 2038 Jacobi,
1357 1995 1473 2044 cap.
1527 1975 1650 2039 XV,
1708 1978 1790 2027 16.
1852 1977 1995 2028 Utile
2047 1995 2189 2028 nunc

159 2057 407 2108 ducimus
462 2059 644 2108 omnia
695 2058 935 2108 indicare
1002 2059 1117 2108 loca
1180 2059 1235 2107 in
1302 2058 1497 2125 quibus
1563 2064 1718 2108 vetus
1784 2058 2188 2110 Testamentum

158 2154 633 2203 commemoratur,
690 2142 958 2209 simulque
1021 2148 1210 2191 notare
1263 2159 1367 2208 qua
1420 2141 1628 2190 ratione
1692 2142 1796 2191 ista
1848 2159 1903 2191 se
1957 2142 2190 2192 habeant

157 2224 227 2275 ad
263 2225 471 2275 fontem
513 2225 806 2287 hebraeum,
845 2235 899 2274 et
938 2224 1006 2274 ad
1045 2224 1350 2276 versionem
1393 2223 1835 2273 Alexandrinam.

232 2307 520 2358 Interdum
560 2307 793 2374 ipsamet
835 2306 1011 2357 versio
1044 2306 1108 2356 70
1139 2305 1511 2372 Interpretum
1539 2305 1765 2355 totidem
1812 2305 1985 2355 verbis
2024 2305 2192 2354 addu-

158 2388 316 2451 citur,
347 2407 420 2440 sc.
454 2390 531 2450 II,
562 2389 631 2439 34
661 2407 819 2458 sqq.;
865 2387 963 2452 IV,
994 2390 1060 2438 25
1091 2405 1242 2456 sqq.;
1291 2387 1451 2449 VIII,
1483 2388 1548 2437 32
1581 2405 1734 2455 sqq.;
1783 2386 1940 2447 XIII,
1972 2388 2057 2448 33,
2089 2388 2187 2449 35,-

158 2471 461 2539 saepissime
510 2489 639 2523 vero
686 2472 856 2521 libere
897 2481 953 2520 et
993 2469 1061 2519 ad
1102 2487 1321 2519 sensum
1364 2479 1591 2530 tantum,
1635 2487 1728 2518 seu
1776 2469 2084 2517 memoriter
2133 2487 2193 2518 ea

72 2599 81 2605 .
159 2556 378 2618 citatur,
420 2573 495 2605 sc.
537 2555 583 2618 I,
625 2556 726 2617 20,
771 2555 850 2617 II,
898 2554 958 2603 l7
1001 2571 1155 2621 sqq,
1200 2555 1266 2602 25
1312 2570 1457 2620 sqq.;
1502 2553 1610 2614 III,
1660 2553 1745 2614 22,
1792 2552 1876 2614 23,
1919 2552 2014 2613 253
2066 2551 2190 2614 VII,

161 2638 212 2699 3,
256 2638 287 2687 6
328 2651 383 2687 et
428 2637 475 2700 7,
518 2638 605 2700 32,
645 2639 712 2687 42
757 2650 811 2688 et
850 2638 938 2699 43,
981 2636 1049 2685 49
1091 2646 1146 2685 et
1187 2635 1287 2697 50,
1327 2635 1490 2696 XIII,
1523 2634 1609 2697 34,
1639 2635 1724 2696 41,
1753 2635 1846 2695 473
1890 2633 2011 2695 XV,
2044 2635 2106 2683 16
2137 2642 2190 2683 et

167 2722 268 2782 17;
310 2719 585 2784 XXVIII,
629 2721 696 2770 26
738 2727 793 2771 et
833 2721 935 2782 273
977 2720 1084 2770 imo
1126 2737 1270 2780 vero,
1310 2718 1372 2767 fit
1415 2734 1817 2783 nonnumquam
1859 2724 1914 2765 ut
1945 2716 2189 2783 quaedam

93 2839 101 2842 -
163 2812 386 2855 notetur
438 2813 630 2855 sensus
686 2804 980 2855 diversitas
1033 2803 1078 2852 si
1131 2814 1342 2853 textum
1396 2811 1640 2849 nosti-um
1703 2799 1978 2848 hebraeum
2036 2798 2090 2862 (i.
2145 2817 2190 2848 e.

162 2887 370 2938 editum
398 2907 428 2937 a
459 2887 800 2954 Massoretis)
831 2886 1217 2953 -inspiciamus,
1260 2883 1421 2935 videl.
1469 2883 1541 2946 II,
1583 2883 1669 2943 25,
1714 2882 1814 2942 23,-
1863 2879 1987 2942 VII,
2028 2880 2094 2928 42
2136 2890 2190 2928 et

161 2971 265 3034 433
301 2970 470 3034 XIII,
506 2973 608 3034 415
656 2969 780 3032 XV,
827 2971 890 3020 16
929 2979 988 3020 et
1029 2970 1092 3020 17
1137 2975 1242 3018 etc.

379 3146 408 3213 ᾧ
457 3146 537 3196 16.
594 3143 767 3205 Quam
805 3142 937 3193 ‘attile
974 3142 1043 3193 sit
1083 3140 1156 3191 ad
1196 3143 1394 3190 temtum
1433 3154 1659 3203 qroecum
1700 3152 1976 3184 recurrere.

237 3299 318 3351 Ut
355 3299 496 3351 hanc
536 3299 833 3350 utilitatem
875 3296 1263 3355 demonstrem,
1307 3297 1414 3341 tres
1454 3285 1731 3356 praemitto
1771 3282 2027 3333 veritates
2057 3279 2189 3330 alibi

39 3362 44 3393 Γ
119 3408 121 3410 ·
164 3383 478 3452 probandas
518 3405 529 3436 :

241 3467 295 3516 1⁰
337 3465 436 3517 Per
474 3465 899 3518 declarationem
941 3460 1157 3513 concilii
1193 3453 1499 3508 Tridentini
1529 3451 1594 3501 de
1622 3447 1905 3500 authentia
1932 3445 2191 3512 Vulgatae

29 3532 77 3590 ἶ»
104 3604 106 3606 ,
169 3548 372 3612 latinae,
401 3549 539 3599 nihil
566 3549 873 3600 detractum
901 3564 1020 3597 esse
1046 3539 1357 3594 auctoritati
1388 3542 1570 3588 textus
1598 3531 1935 3601 primigenii3
1967 3529 2190 3595 ideoque

170 3631 381 3683 licitum
418 3648 538 3682 esse
577 3630 647 3682 ad
677 3630 832 3682 illum
870 3643 1165 3679 recurrere.
