2430 4030
673 385 822 420 PETRI
862 387 1049 424 ORATIO
1089 392 1176 426 DIE}
1216 394 1590 436 PENTECOSTES.
2082 395 2149 444 55

755 465 2144 494 Ἢ

117 511 261 565 sicut
287 533 385 568 vos
412 516 714 582 aestimatis,
759 519 816 571 hi
844 520 983 573 ebrii
1012 530 1160 589 sunt,
1206 544 1328 580 cum
1358 530 1429 582 sit
1458 524 1590 585 hora
1616 534 1726 587 diei
1756 539 1951 591 tertia:
1996 545 2029 582 ²¹<
2056 542 2154 593 sed
2174 551 2226 590 16

117 596 220 650 1100
273 605 376 663 est,
434 601 582 670 quod
635 602 842 656 dictum
883 610 969 657 est
1012 625 1109 676 per
1150 610 1273 663 Joel
1331 634 1340 664 :
1397 620 1429 655 ²¹<
1483 615 1558 668 fflt
1602 619 1705 670 erit
1746 621 1803 672 in
1844 624 2153 677 novissimis
2175 636 2227 678 17

116 679 310 734 diebus
356 682 510 750 (dicit
552 684 863 754 Dominus),
904 690 1178 743 effundam
1219 693 1284 746 de
1328 695 1538 766 Spiritu
1574 718 1695 753 meo
1738 720 1898 772 super
1939 723 2153 760 omnem

115 781 353 829 carnem,
400 771 455 818 et
499 767 912 836 prophetabunt
957 773 1058 824 filii
1098 776 1284 840 vestri,
1327 785 1382 829 et
1422 780 1547 833 filiae
1586 789 1799 848 vestrae,
1839 791 1894 837 et
1929 786 2155 854 juvenes

116 847 287 898 vestri
327 848 564 901 visiones
609 851 894 917 videbunt,
940 861 995 906 et
1041 858 1283 910 seniores
1322 864 1492 913 vestri
1536 866 1746 918 somnia
1787 869 2153 923 somniabunt.

116 935 150 973 *
178 931 251 984 Et
276 934 498 1002 quidem
525 954 689 1005 super
718 955 910 991 servos
938 958 1106 1006 meOS,
1134 949 1189 995 et
1216 963 1380 1014 super
1423 949 1644 1001 ancillas
1686 970 1851 1017 meas,
1878 954 1934 1006 in
1962 954 2153 1008 diebus
2178 970 2228 1015 18

113 1014 222 1067 illis
250 1016 523 1070 effundam
551 1018 620 1071 de
652 1018 863 1088 Spiritu
900 1040 1039 1087 mec,
1078 1030 1133 1076 et
1169 1028 1582 1096 prophetabunt
1617 1053 1626 1084 :
1658 1037 1689 1074 ³¹<
1718 1039 1773 1085 et
1800 1035 1942 1088 dabo
1972 1038 2152 1105 prodi·
2177 1064 2228 1105 19

117 1240 299 1271 morem
326 1243 423 1273 non
447 1229 597 1274 fuisse
627 1236 681 1274 ut
714 1236 827 1275 ante
856 1232 1022 1276 horam
1060 1234 1133 1287 3¹¹¹,
1165 1249 1259 1292 qua
1282 1251 1448 1293 preces
1473 1240 1665 1294 fiebant,
1689 1243 1932 1299 quidpiam
1958 1247 2047 1290 cibi
2073 1254 2156 1293 aut

117 1302 263 1354 potus
298 1306 563 1352 sumerent,
595 1303 867 1357 praesertim
903 1302 1072 1347 diebus
1107 1306 1296 1351 sabbati
1327 1315 1411 1352 aut
1443 1309 1594 1354 festis.

174 1366 246 1410 16.
272 1366 371 1411 SED
398 1381 504 1421 Hoc,
530 1370 660 1427 quod
686 1371 943 1422 miramini,
967 1379 1014 1415 et
1041 1374 1169 1430 quod
1204 1375 1414 1420 irrident
1448 1379 1661 1434 quidam,
1684 1393 1764 1424 Es'r
1790 1384 2088 1429 confirmatio
2110 1391 2157 1430 et

118 1437 337 1495 impletio
364 1440 497 1484 illius
522 1453 646 1494 QUOD
677 1454 860 1486 DICTUM
887 1444 1192 1500 (praedictum)
1218 1459 1295 1490 Esr
1318 1460 1406 1490 PER
1434 1449 1570 1501 JOEL,
1595 1465 1765 1508 nempe
1788 1468 1890 1509 cap.
1915 1455 1984 1507 ΙΙ,
2007 1457 2155 1501 28-32.

173 1508 244 1553 17.
287 1509 345 1553 IN
382 1523 646 1555 novissume
678 1525 864 1557 manus.
914 1514 1080 1558 Petrus
1120 1530 1265 1559 sensu
1301 1517 1495 1571 literali,
1527 1527 1574 1565 et
1612 1523 1874 1567 secundum
1918 1526 1970 1570 70
2003 1526 2156 1571 Inter-

115 1581 297 1634 pretes,
330 1579 479 1624 libere
515 1587 675 1625 tamen
711 1596 795 1625 seu
830 1583 1121 1634 memoriter,
1146 1584 1301 1628 locum
1327 1588 1513 1631 recitat.
1551 1589 1608 1632 In
1641 1590 1830 1636 hebraeo
1864 1600 1911 1638 et
1942 1596 2069 1650 apud
2104 1598 2158 1642 70

113 1647 298 1705 legitur
316 1653 421 1706 post
442 1649 536 1694 hoec
562 1669 576 1694 .·
604 1665 711 1708 quae
734 1651 956 1703 formula,
992 1652 1242 1708 prophetis
1278 1657 1428 1699 sacris
1463 1658 1705 1710 solemnis,
1738 1662 1956 1707 ultimam
1990 1666 2156 1709 mundi

114 1723 322 1772 aetatem,
361 1720 421 1764 ab
459 1721 674 1766 adventu
707 1722 898 1766 Messias
935 1736 1086 1778 usque
1117 1723 1176 1766 ad
1212 1723 1356 1767 finem
1384 1727 1672 1782 seculorum,
1707 1732 1883 1786 passim
1921 1733 2156 1791 designat.

114 1786 287 1845 Itaque
326 1804 500 1834 sensus
543 1796 618 1835 est
657 1810 665 1835 :
700 1791 894 1849 quando
929 1791 1179 1835 advenerit
1213 1792 1439 1846 Messias,
1477 1798 1736 1842 novissima
1781 1802 1949 1845 mundi
1999 1810 2156 1848 aetate.

114 1856 384 1903 EFFUNDAM
408 1860 584 1916 copiose
608 1859 724 1904 dabo
747 1873 807 1903 ns
834 1859 1030 1904 Smmru
1055 1873 1163 1912 Mae,
1188 1861 1376 1918 aliquid
1410 1863 1463 1907 de
1496 1865 1682 1923 Spiritu
1714 1883 1824 1919 meo,
1857 1872 2002 1914 variis
2028 1874 2158 1916 varia

119 1925 333 1984 Spiritus
357 1931 511 1973 sancti
540 1930 832 1973 charismata
857 1929 1158 1972 distribuam.
1193 1936 1282 1972 Απο
1316 1945 1425 1975 cum
1450 1949 1560 1989 gen.
1588 1937 1744 1980 verbis
1769 1938 1932 1990 dandi,
1960 1955 2156 1986 eommu-

117 1997 329 2052 nicandi,
363 2000 638 2056 aecipiendi,
671 1999 915 2056 auferendi
947 1999 1206 2056 aliquando
1231 1999 1478 2056 jungitur,
1511 2006 1675 2048 eodem
1702 2020 1846 2051 sensu
1871 2023 1962 2065 quo
1998 2010 2158 2055 Lat-ini

118 2062 289 2112 dicunt
331 2068 518 2126 aliquid
554 2084 662 2113 cum
701 2084 826 2126 gen„
858 2082 939 2112 seu
970 2073 1150 2124 partem
1191 2068 1392 2126 alicujus
1430 2071 1496 2115 rei
1527 2091 1540 2115 .·
1576 2089 1643 2116 ex.
1682 2090 1752 2131 gr.
1789 2077 1899 2121 Luc.
1937 2078 2046 2132 XX,
2089 2081 2156 2124 10.

118 2138 267 2196 Apud
299 2138 484 2184 Joelem
518 2146 679 2184 autem
713 2139 932 2183 hebraice
962 2138 1218 2195 Effundam
1251 2141 1470 2196 spiritum
1504 2158 1670 2188 meum.
1707 2170 1762 2177 —
1797 2147 1955 2191 SUPER
1988 2162 2156 2194 OMNEM

118 2220 330 2262 nummu,
363 2208 595 2254 hominem
627 2210 777 2264 (more
811 2208 1126 2252 Hebraeorum
1161 2223 1265 2251 caro
1301 2210 1544 2265 significat
1587 2213 1834 2267 hominem,
1874 2231 1957 2272 per
1996 2233 2155 2275 synec-

117 2275 302 2322 dochen
329 2292 423 2336 qua.
454 2293 566 2335 pars
590 2294 677 2335 pro
699 2282 802 2323 toto
827 2277 1060 2334 ponitur).
1089 2277 1273 2321 Sensus
1298 2290 1373 2323 est
1401 2299 1409 2324 :
1434 2295 1580 2336 super
1605 2292 1822 2338 posteros
1852 2293 2051 2339 vestros,
2075 2289 2156 2344 qui

119 2347 180 2392 ad
203 2362 279 2392 me
302 2358 664 2400 convertentur,
688 2347 1032 2405 cujuscumque
1055 2348 1153 2390 sint
1181 2350 1339 2392 aetatis
1361 2350 1629 2406 <juvenibus
1651 2368 1785 2411 aeque
1806 2370 1859 2400 ac
1883 2356 2158 2413 senioribus)

121 2430 264 2462 sexus
301 2417 434 2474 (filiis
466 2425 514 2462 et
538 2417 755 2474 filiabus)
792 2422 875 2461 aut
907 2416 1195 2461 conditionis
1235 2417 1417 2470 (liberis
1451 2426 1498 2464 et
1530 2423 1709 2476 servis).

181 2485 558 2532 PROPHETABUNT
596 2506 605 2532 ι
645 2487 842 2532 effectus
882 2486 1128 2529 effusionis
1170 2487 1317 2530 illius.
1355 2488 1641 2546 Prophetare
1678 2500 1836 2538 autem
1876 2509 2019 2539 sensu
2060 2496 2156 2540 lato

120 2557 350 2610 sumitur,
382 2572 446 2602 sc.
484 2558 645 2616 afflatu
675 2559 836 2603 divino
871 2556 1010 2615 loqui,
1049 2571 1146 2600 non
1182 2557 1240 2600 de
1280 2559 1382 2601 sola
1423 2560 1697 2606 futurorum
1740 2564 2062 2619 praedictione,
2105 2573 2157 2610 ut

119 2625 368 2682 colligitur
407 2642 463 2671 ex
503 2629 668 2673 verbis
704 2627 1016 2685 sequentibus
1056 2625 1256 2670 visiones
1298 2627 1522 2672 videbunt
1557 2634 1596 2673 et
1632 2633 1811 2676 somnia
1848 2634 2154 2678 somniabunt.

121 2693 286 2752 Igitur
318 2697 378 2740 ad
411 2697 500 2742 hoc
532 2696 706 2742 donum
735 2695 986 2755 prophetice
1018 2697 1230 2752 pertinet
1262 2698 1482 2753 cognitio
1518 2701 1737 2755 quaedam
1774 2703 2069 2756 miraculosa,
2103 2718 2158 2747 ex

117 2763 284 2809 divina
324 2779 474 2823 eaque
517 2767 895 2812 extraordinaria
934 2766 1226 2811 revelatione
1261 2768 1482 2820 oriunda,
1519 2783 1680 2814 rerum
1715 2773 2024 2823 occultarum,
2057 2773 2157 2817 sive

119 2833 220 2878 sint
251 2837 530 2892 praeteritae,
563 2837 664 2882 sive
699 2843 981 2893 praesenteS,
1015 2835 1117 2879 sive
1148 2835 1324 2879 futurae
1358 2855 1367 2879 :
1401 2837 1459 2881 cf.
1492 2853 1599 2881 ann.
1638 2839 1687 2882 in
1731 2841 1750 2882 l
1792 2840 1895 2884 Cor.
1938 2841 2074 2893 XIV,
2116 2843 2155 2884 1.

117 2903 251 2950 Alibi
283 2904 443 2951 adhuc
475 2907 638 2960 latiuS‚
672 2921 799 2965 saepe
831 2913 991 2951 tamen
1027 2906 1261 2957 strictius,
1284 2908 1497 2951 sumitur
1522 2923 1610 2953 vox
1637 2909 1893 2966 prophetia.
1935 2910 2036 2955 Sub
2068 2911 2156 2954 hoc

115 2978 280 3020 autem
312 2975 440 3021 dono
472 2977 659 3035 reliqua
693 2977 907 3034 Spiritus
931 2975 1084 3020 sancti
1115 2975 1404 3020 charismata
1440 2991 1467 3020 a
1499 2977 1530 3022 J
1536 2979 1633 3022 oele
1666 2979 2152 3035 comprehenduntur.

137 3078 142 3084 .
175 3044 248 3089 18.
276 3043 346 3089 E'r
371 3057 575 3100 QUIDEM,
597 3048 693 3093 imo
718 3061 833 3092 vero
856 3045 1128 3102 (gradatio),
1154 3057 1300 3088 suren
1321 3058 1490 3090 snnvos
1517 3059 1654 3100 Meos,
1686 3061 1741 3091 Er
1773 3061 1919 3093 surim
1939 3061 2157 3094 Ascittts

116 3125 254 3160 MEAs.
290 3114 476 3161 Sensus
509 3132 605 3163 non
639 3123 714 3163 est
746 3136 756 3161 ε
789 3130 925 3172 super
955 3114 1079 3159 viros
1111 3117 1152 3156 et
1184 3114 1396 3158 wtulieres
1429 3115 1511 3172 qui
1547 3131 1616 3159 me
1649 3117 1840 3171 (Deum)
1875 3117 2040 3169 colunt,
2074 3118 2156 3162 sed

116 3197 252 3242 super
273 3183 396 3230 viros
418 3190 459 3231 et
480 3168 696 3233 malieres
728 3185 959 3232 servilis
992 3183 1362 3236 conditionis,
1385 3185 1468 3242 qui
1490 3185 1578 3228 mei
1600 3190 1723 3238 sum,
1746 3187 1857 3243 quia
1890 3201 1965 3231 me
1994 3188 2156 3231 colunt

99 3252 336 3313 -mihique
362 3257 461 3302 cari
485 3265 616 3303 sunt.
643 3258 702 3302 Id
725 3265 858 3314 patet
882 3249 942 3300 ex*
960 3255 1166 3305 hebraeo,
1189 3253 1266 3296 ubi
1295 3253 1472 3299 desunt
1497 3256 1781 3310 pronomina
1804 3270 1924 3299 meos
1946 3268 1994 3300 et
2018 3271 2155 3304 meas.

59 3304 77 3313 Χ
182 3326 256 3372 19.
283 3327 332 3372 S.
363 3329 541 3375 Petrus
565 3331 843 3375 citationem
876 3328 1024 3372 Joelis
1048 3326 1373 3383 persequitur,
1396 3329 1619 3382 quamvis
1645 3327 1791 3371 verba
1825 3327 2074 3384 prophetae
2097 3328 2156 3371 ad

117 3396 410 3444 calumniam
451 3400 760 3446 irridentium
797 3397 1100 3443 refutandam
1141 3411 1237 3439 non
1270 3395 1369 3452 jam
1411 3398 1700 3453 pertineant.
1735 3397 1794 3441 Id
1826 3404 1989 3442 nutem
2029 3398 2156 3450 facit,

117 3471 377 3524 propterea
413 3469 544 3527 quod
582 3477 747 3527 aptam
777 3469 828 3512 in
861 3469 929 3512 eis
961 3465 1170 3523 reperiat
1207 3466 1544 3511 transitionem
1588 3467 1647 3511 ad
1687 3465 1935 3511 Christum
1982 3466 2154 3523 praedi·

117 3536 340 3584 candum.
367 3538 517 3596 Quasi
549 3541 732 3586 diceret
763 3560 774 3586 ε
807 3539 942 3584 Idem
975 3538 1096 3590 Joel,
1129 3537 1211 3594 qui
1244 3538 1460 3581 mirabile
1497 3538 1619 3583 illud
1651 3537 1928 3592 linguarum
1962 3537 2158 3588 donum,

118 3605 257 3664 cujus
291 3612 444 3654 testes
477 3610 618 3656 modo
650 3610 825 3662 fuistis,
858 3607 1221 3666 praenuntiavit,
1253 3607 1399 3650 etiam
1436 3607 1495 3651 de
1527 3608 1633 3652 aliis
1665 3608 1877 3663 loquitur
1909 3606 2158 3666 prodigiis,

76 3720 94 3727 „
120 3689 229 3735 quae
253 3674 442 3735 Jffudaeis
477 3678 640 3737 impiis
674 3679 1004 3725 incredibilem
1037 3678 1296 3736 aliquando
1330 3678 1537 3723 inferent
1570 3677 1906 3723 calamitatem.
1938 3677 2012 3722 Ne
2043 3689 2157 3732 ergo
