2430 4030
431 367 604 402 JAooni
644 365 927 399 snurnnrm
968 366 1023 400 m
1062 367 1308 402 concino
1349 369 1826 404 JnROSOLYMl'rANO.
2051 354 2150 404 169

124 515 262 561 rum,
293 503 348 549 et
375 498 754 560 fornicatione,
793 503 848 548 et
880 498 1175 562 suffocatiS,
1204 507 1258 550 et
1298 501 1587 568 sanguine.
1632 506 1663 541 ²¹<
1704 501 1922 570 Moyses
1950 503 2095 552 enim
2121 519 2152 552 a
2175 511 2236 550 21-

125 579 461 656 temporibus
497 579 740 648 antiquis
778 579 943 630 habet
982 581 1033 630 in
1077 581 1311 648 singulis
1339 578 1653 635 civitatibus
1683 584 1775 651 qui
1803 602 1924 635 eum
1955 584 2152 652 praedi-

123 652 250 712 cent
277 662 331 711 in
360 661 679 729 synagogis,
710 661 803 711 ubi
831 679 926 728 per
956 680 1113 713 omne
1144 664 1433 715 sabbatum
1465 666 1683 733 legitur.

197 746 230 784 *
269 743 422 794 Tunc
467 743 675 811 placuit
719 744 1022 810 Apostolis,
1069 751 1125 795 et
1170 747 1477 798 senioribus
1526 765 1648 797 cum
1691 747 1838 798 omni
1886 747 2151 812 Ecclesia,
2176 754 2229 792 22

124 1002 151 1031 A
175 1001 662 1035 conrAmNATIoMBus
686 1004 1068 1043 SIMULACRORUM,
1102 992 1130 1034 i.
1164 1007 1202 1036 e.
1239 993 1382 1046 (sicut
1415 1008 1458 1037 v.
1493 993 1565 1046 29)
1601 992 1658 1037 ab
1692 992 1957 1050 idolothytis
1990 994 2154 1047 (ειδωλῳ

125 1062 219 1110 Oua,
260 1057 382 1100 idolo
422 1061 584 1110 mac-to,
632 1060 857 1112 immolo),
904 1075 967 1103 sc.
1014 1075 1042 1103 a
1089 1061 1314 1104 carnibus
1357 1061 1682 1112 victimarum,
1731 1076 1837 1118 quae
1886 1061 2018 1105 falsis
2062 1061 2156 1105 diis

124 1125 384 1171 immolatae
410 1128 614 1181 fuerant,
641 1136 688 1174 et
713 1144 916 1186 quarum
943 1144 1091 1180 esum,
1110 1144 1258 1186 quum
1286 1130 1604 1174 idololatriam
1634 1136 1837 1186 saperet,
1855 1132 1930 1174 lex
1949 1131 2156 1176 Mosaica

127 1195 296 1246 (Exod.
321 1196 557 1248 XXXIV,
583 1199 654 1251 15)
683 1213 847 1242 severe
870 1199 1143 1242 damnabat.

186 1265 254 1308 ΕΤ
276 1278 631 1311 FORNICATIONE.
657 1268 772 1320 Hoc,
797 1282 1083 1325 quamquam
1103 1268 1212 1326 jure
1237 1275 1422 1312 naturae
1448 1274 1611 1325 aperte
1636 1271 1858 1314 illicitum
1882 1277 1998 1322 erat,
2023 1269 2157 1314 addit

127 1334 352 1386 Jacobus,
379 1342 631 1392 propterea
655 1337 783 1394 quod
806 1338 1030 1393 gentiles,
1057 1339 1106 1382 id
1133 1339 1380 1394 temporis,
1406 1353 1459 1382 eo
1484 1352 1635 1396 usque
1656 1339 1871 1394 corrupti
1904 1344 2080 1390 essent,
2104 1344 2157 1383 ut

115 1404 479 1461 fornicationem
521 1421 607 1462 pro
645 1421 696 1449 re
737 1407 1030 1451 indifferenti
1077 1407 1325 1451 haberent.
1375 1407 1505 1451 Sunt
1549 1408 1631 1463 qui
1678 1422 1762 1463 per
1795 1407 2158 1463 fornicationem

128 1472 408 1529 intelligant
423 1474 660 1530 falsorum
683 1475 933 1519 numinum
967 1475 1140 1519 cultum
1165 1495 1176 1518 :
1205 1476 1333 1532 quod
1368 1476 1612 1532 probabile
1647 1491 1740 1519 non
1774 1476 1996 1528 videtur3
2031 1477 2156 1533 quia,

127 1541 219 1586 etsi
245 1541 451 1594 Hebraei,
476 1550 671 1600 propter
694 1544 946 1599 specialem
974 1550 1290 1597 contractum,
1317 1560 1457 1602 quem
1485 1560 1594 1589 cum
1620 1545 1717 1588 Deo
1737 1545 1963 1596 fecerant,
1981 1547 2160 1602 quique

128 1617 230 1654 erat
254 1612 390 1668 quasi
415 1613 666 1669 spirituale
687 1613 1041 1657 matrimonium
1064 1629 1172 1657 cum
1199 1614 1304 1670 ipso
1329 1615 1520 1665 initum,
1545 1628 1715 1658 nomen
1728 1614 2063 1671 fornicationis
2084 1612 2160 1655 vel

95 1736 97 1738 η
129 1679 354 1724 adulterii
397 1682 681 1726 idololatriae
718 1683 831 1725 dare
869 1683 1095 1733 solerent,
1137 1684 1343 1740 gentiles
1385 1692 1545 1727 tamen
1583 1698 1678 1728 non
1717 1686 1785 1728 ita
1823 1683 2163 1740 loquebantur,

130 1763 283 1805 neque
307 1751 634 1806 apostolorum
664 1751 1035 1807 prohibitionem
1063 1753 1148 1796 tali
1176 1767 1322 1796 sensu
1350 1753 1715 1797 intellexissent.

188 1818 258 1862 ΕΤ
295 1831 576 1870 surrocAris,
611 1820 638 1861 i.
674 1834 712 1863 e.
747 1820 1035 1863 animalibus
1071 1826 1207 1876 (puta
1245 1835 1267 1863 e
1301 1821 1585 1874 minoribus)
1622 1822 1725 1864 sine
1758 1820 2017 1863 emissione
2058 1832 2160 1862 san-

128 1889 292 1946 guinis
318 1891 486 1933 occisis
514 1910 522 1934 :
549 1891 753 1934 istorum
779 1897 941 1934 autem
975 1906 1084 1934 esus
1117 1891 1224 1935 ideo
1262 1893 1440 1936 vetitus
1473 1902 1591 1942 erat,
1626 1891 1753 1948 quod
1786 1889 1984 1945 sanguis
2018 1889 2163 1933 simul

129 1958 473 2003 comederetur.
524 1959 784 2003 Prohibitio
825 1960 1004 2016 legitur
1045 1959 1158 2005 Lev.
1192 1960 1362 2012 XVII,
1400 1961 1469 2012 13,
1510 1962 1575 2004 14.
1622 1961 1689 2003 ΕΤ
1728 1971 1963 2004 sANGUINE
2011 1958 2162 2002 effuso

128 2027 409 2070 animalium
435 2035 768 2081 mactatorum,
791 2043 1093 2086 quocumque
1112 2030 1304 2074 demum
1330 2031 1470 2075 modo
1491 2031 1743 2074 hauriatur
1768 2030 1844 2074 vel
1862 2029 2160 2072 comedatur:

129 2095 185 2141 of.
222 2094 339 2139 Gen.
376 2096 464 2149 IX,
498 2100 551 2150 43
589 2097 740 2141 Levit.
774 2097 871 2149 III,
909 2099 985 2150 17;
1021 2097 1189 2150 XVII,
1224 2098 1278 2142 10
1316 2113 1416 2155 sq‚;
1452 2098 1594 2142 Deut.
1631 2098 1749 2148 XII,
1783 2098 1853 2149 16,
1889 2097 1957 2141 23.
1991 2095 2160 2139 Finem

128 2170 290 2209 autem
317 2166 445 2209 illius
472 2166 697 2210 Mosaicae
731 2167 1112 2222 praescriptionis
1147 2168 1443 2222 investigare
1473 2167 1566 2210 huc
1590 2181 1683 2210 non
1708 2170 1896 2221 spectat
1925 2183 1934 2208 :
1958 2163 2162 2207 sufficiat

127 2235 528 2279 animadvertisse
567 2235 814 2279 interdicti
849 2250 1040 2279 causam
1080 2236 1230 2279 fuisse
1264 2255 1273 2280 :
1312 2236 1435 2290 Quia
1469 2236 1632 2279 anima
1665 2234 1820 2278 carnis
1851 2235 1904 2277 in
1935 2232 2163 2289 sanquine

128 2307 255 2356 est,...
280 2307 321 2347 et
342 2305 534 2360 sanquis
564 2320 646 2362 pro
681 2306 852 2348 animos
883 2305 1070 2362 piaculo
1104 2309 1180 2355 est,
1213 2320 1277 2349 sc.
1312 2321 1397 2361 pro
1431 2306 1692 2356 sacrificiis,
1720 2305 1872 2348 Levit.
1899 2302 2065 2354 XVII,
2092 2304 2161 2345 11.

188 2371 328 2418 Ratio
365 2388 475 2418 vero
507 2374 567 2418 ob
599 2388 742 2430 quam
776 2373 1061 2430 idolothyta,
1096 2374 1324 2418 suffocata
1352 2379 1399 2417 et
1427 2374 1644 2430 sanguis,
1668 2373 1717 2416 in
1742 2372 1941 2417 concilio
1973 2371 2161 2415 Jeroso-

129 2441 364 2498 lymitano
385 2442 627 2499 prohibita
650 2456 848 2486 rursum
879 2442 1075 2494 fuerint,
1109 2442 1190 2486 illa
1222 2457 1326 2486 esse
1358 2443 1551 2487 videtur
1582 2461 1591 2485 :
1626 2446 1682 2486 ut
1714 2439 2162 2486 Judaeo·christiani

130 2525 239 2564 cum
277 2511 764 2556 ethnico-christianis
805 2512 992 2555 facilius
1033 2512 1364 2556 consentirent
1399 2529 1409 2556 ε
1441 2512 1603 2556 confer
1636 2519 1733 2556 not.
1767 2511 1891 2554 infra
1920 2510 1980 2552 ad
2012 2523 2056 2554 v.
2091 2507 2161 2552 28.

135 2579 261 2636 Lege
285 2579 475 2624 Natalis
510 2581 771 2625 Alexandri
803 2580 994 2625 dissert.
1036 2582 1104 2626 De
1137 2580 1423 2625 abstinentia
1455 2595 1484 2624 a
1517 2580 1744 2637 sanquine
1777 2583 1816 2622 et
1847 2579 2061 2635 suffocato
2095 2577 2162 2631 (in

133 2649 320 2694 Zaccar.
345 2649 486 2694 Thes.
512 2651 656 2694 theol.
681 2651 734 2694 T.
760 2651 898 2706 VII).

111 2775 113 2778 ι
190 2718 262 2763 21.
294 2718 428 2763 Eam
459 2721 611 2764 nectit
643 2734 752 2764 cum
785 2719 1185 2776 praecedentibus.
1231 2719 1517 2775 Quomodo?
1558 2719 1761 2762 Difficile
1794 2724 1868 2761 est
1900 2731 2000 2761 rem
2033 2722 2163 2760 certo

133 2785 346 2831 definire.
379 2788 632 2845 Duplicem
667 2804 884 2846 propono
917 2791 1207 2834 sententiam
1234 2809 1245 2837 ι
1273 2791 1373 2835 haec
1408 2789 1704 2846 prohibenda
1738 2792 1853 2831 sunt
1884 2784 2162 2842 gentilibus,

133 2856 245 2914 quia
265 2857 471 2915 Moyses,
496 2860 578 2915 qui
605 2860 808 2916 singulis
834 2860 1046 2905 sabbatis
1072 2862 1369 2918 praelegitur,
1386 2861 1466 2903 illa
1486 2866 1649 2916 aperte
1673 2859 1882 2908 damnat,
1905 2861 1951 2900 et
1975 2856 2163 2900 Judaeo-

133 2925 384 2971 christiani
438 2928 893 2980 scandalizarentur,
936 2930 977 2973 si
1024 2930 1137 2974 talia
1184 2930 1395 2973 facerent
1442 2926 1918 2972 ethnico-christiani.
1967 2923 2057 2969 Vel
2106 2924 2162 2978 (s.

135 2994 328 3052 Chrys.)
356 3015 366 3040 z
390 2996 491 3040 haec
514 2997 810 3053 prohibenda
835 3005 950 3042 sunt
976 2998 1222 3054 qentitibns
1244 3017 1256 3041 .·
1283 3012 1394 3041 nam
1425 2996 1580 3042 Judoei
1606 2996 1723 3040 satis
1755 2998 2051 3050 cognoscunt
2083 2992 2164 3035 illa

88 3067 93 3070 ’
135 3078 164 3116 a
187 3063 368 3122 Moyse,
395 3080 536 3122 quern
563 3067 739 3122 saepius
761 3066 964 3110 audiunt
990 3067 1204 3123 praelegi,
1230 3067 1424 3111 omnino
1448 3067 1614 3110 vetari.

194 3134 265 3178 22.
291 3134 506 3179 ELIGnnn
530 3148 664 3179 VIROS
691 3155 700 3180 ε
726 3136 847 3180 duos
879 3152 933 3180 ex
967 3136 1259 3192 primoribus
1292 3136 1502 3180 ecclesiae
1528 3134 1558 3178 J
1562 3133 1944 3190 erosolymitanee
1969 3130 2162 3187 presby-

84 3246 86 3248 ,
111 3251 115 3253 Α
137 3204 254 3248 teris
278 3205 471 3261 (primos
491 3210 729 3259 ἡγουμενους
752 3206 806 3250 in
818 3205 1071 3262 fratribus,
1103 3212 1150 3249 et
1184 3220 1226 3249 v.
1263 3205 1315 3248 32
1347 3204 1591 3260 prophetas
1613 3217 1696 3246 seu
1723 3201 1958 3253 doctores)
1994 3198 2162 3254 legatis

85 3275 350 3335 *recolesiae
383 3276 696 3320 Antiochense
728 3276 1070 3333 adjunxerunt,
1105 3281 1160 3319 ut
1196 3275 1445 3319 authentia
1469 3274 1648 3318 decreti
1685 3286 1850 3316 eorum
1889 3269 2163 3314 testimonio

72 3338 106 3381 ‘.
140 3343 524 3396 confirmaretur,
563 3352 708 3402 atque
748 3347 893 3389 simul
925 3351 981 3389 ut
1011 3345 1202 3390 vincula
1232 3343 1455 3387 amicitiae
1488 3348 1536 3386 et
1577 3346 1756 3386 mutuae
1789 3340 2005 3385 caritatis
2036 3340 2163 3383 inter

91 3410 396 3475 ‚sutramque
436 3414 681 3458 ecclesiam
719 3416 874 3472 magis
912 3415 1162 3472 magisque
1209 3413 1619 3461 contraherentur.
1666 3412 1737 3456 De
1779 3411 1908 3456 Jada
1951 3408 2164 3453 Barsaba

72 3487 86 3539 ᾗ
107 3481 264 3527 anihil
285 3483 434 3528 alibi:
460 3499 521 3528 an
543 3484 694 3530 frater
720 3484 922 3540 Josephi
956 3484 1198 3536 Bersabee,
1231 3483 1289 3527 de
1320 3497 1414 3539 quo
1447 3482 1486 3534 Ι,
1521 3481 1609 3526 23?
1645 3482 1775 3528 Silas
1808 3495 1892 3525 seu
1925 3479 2165 3528 Silvanus,

28 3575 37 3578 ·
91 3546 310 3613 ssisssspostea
345 3569 503 3601 comes
545 3555 682 3601 Pauli
713 3557 763 3602 in
799 3555 1100 3602 itineribus:
1136 3554 1247 3606 XV,
1282 3554 1360 3608 403
1396 3553 1534 3605 XVI,
1568 3554 1621 3597 19
1654 3559 1770 3606 etc.;
1805 3552 1831 3596 2
1864 3551 2046 3599 Gor.1,
2081 3548 2162 3600 19;

27 3643 47 3682 ·,
92 3612 171 3669 “³1
193 3622 360 3669 Thess
387 3623 428 3678 1,
455 3625 495 3668 1.
