2430 4030
216 298 248 348 6
1099 308 1377 344 PRAEFA'HO.

215 462 458 496 meorum
513 442 920 511 exegeticorum
976 439 1374 491 moderatorem
1428 438 1732 507 ducemque
1786 436 1957 489 habui
2010 437 2068 488 in
2121 438 2263 489 alma

214 536 591 588 Universitate
623 534 968 587 Lovaniensi.

286 630 492 680 Praeter
546 629 680 680 duas
736 629 853 679 illas
906 627 1176 678 editiones
1231 645 1394 694 supra
1447 626 1741 687 indicatas,
1797 625 2018 677 tertiam
2072 626 2261 688 etiam,

211 723 470 774 nimirum
535 722 827 773 Taurinam
908 721 1206 790 Hyacinthi
1282 720 1548 782 Mart'ett‘el,
1615 738 1661 771 a.
1733 719 1894 780 1851,
1959 718 2260 787 diligenter

216 817 447 885 inspexi,
476 822 769 885 propterea
797 814 943 884 quod
970 814 1255 882 praefixum
1298 814 1497 864 habeat
1537 812 1816 864 decretum
1845 812 2262 881 approbationis

214 928 245 960 a
291 927 445 960 sacra
493 908 698 959 Indicis
747 907 1211 975 Congregatione,
1260 905 1347 956 die
1389 906 1457 956 26
1498 905 1652 957 Junii
1703 906 1860 967 1856,
1904 905 2113 968 datum,
2155 922 2262 974 quo

212 1007 430 1054 constat
481 1022 499 1047 <
546 1001 851 1051 Ecl‘itionem
897 1000 1053 1050 illam
1097 999 1169 1050 ad
1217 998 1350 1067 Zeqes
1394 1017 1424 1049 α
1476 997 1737 1050 Clemente
1780 998 1893 1049 PP.¹
1942 998 2079 1050 VIII
2119 997 2262 1049 latas

221 1114 242 1140 ‹
270 1093 655 1163 perfectissime
684 1098 918 1143 emelotam
948 1110 1070 1143 esse.
1103 1112 1123 1139 2>
1164 1091 1545 1143 Animadverti
1567 1096 1750 1142 tamen
1776 1091 1913 1142 hanc
1941 1090 2257 1154 editionem,

211 1187 268 1238 in
323 1187 560 1238 minimis
616 1186 964 1254 quibusdam,
1023 1204 1073 1236 v.
1129 1205 1212 1254 gr.
1267 1186 1322 1235 in
1377 1185 1934 1254 interpunctionibuS,
1983 1173 2259 1235 et'literis

212 1280 547 1348 majusculis,
600 1278 743 1329 haud
791 1296 914 1329 raro
962 1278 1030 1328 ab
1085 1278 1327 1329 editione
1381 1264 1649 1329 Vaticana
1702 1277 2016 1346 discrepare
2066 1299 2076 1329 :
2128 1297 2261 1347 quas

215 1373 437 1442 quidem
467 1372 821 1434 differentias,
853 1390 1016 1440 quum
1048 1389 1263 1422 sensum
1296 1370 1530 1424 reddant
1557 1372 1857 1430 clariorem,
1888 1389 2261 1439 saepenumero

214 1467 439 1519 retinui.

290 1562 579 1612 Lectorum
644 1561 912 1611 monitum
979 1562 1138 1611 velim
1203 1561 1260 1611 in
1326 1560 1632 1612 scribendis
1711 1561 1991 1612 vocabulis
2060 1561 2258 1628 graecis

214 1654 440 1722 spiritus
468 1654 635 1717 leneS,
667 1654 1123 1723 quemadmodum
1155 1661 1211 1705 et
1240 1660 1497 1706 accentus
1527 1654 1620 1722 qui
1649 1654 1783 1705 nihil
1813 1655 1883 1705 ad
1914 1654 2019 1704 vim
2066 1672 2257 1706 vocum
2321 1724 2325 1725 γ

215 1748 474 1811 efficiunt,
531 1766 749 1817 semper
802 1751 1171 1817 praetermitti.
1239 1750 1387 1818 Ergo
1453 1755 1707 1801 notamus
1759 1754 1976 1801 tantum
2031 1749 2261 1818 spiritus

213 1859 435 1910 asperos
476 1847 531 1892 et
570 1843 682 1893 iota
725 1844 1056 1911 subscripta.

288 1934 752 2004 Quotiescumque
794 1936 1065 1987 stellulam
1096 1936 1304 1987 nomini
1332 1935 1615 2004 scriptoris
1643 1936 2005 2005 praefigimUS,
2035 1937 2257 2004 signum

216 2034 300 2079 est
327 2046 449 2079 eum
479 2029 805 2079 catholicum
838 2047 941 2079 non
974 2048 1112 2081 esse.

288 2121 353 2171 In
383 2122 569 2171 limine
600 2122 823 2189 hujusce
864 2123 1042 2190 operis
1079 2123 1242 2174 liceat
1285 2123 1415 2173 mihi
1458 2124 1622 2175 verba
1662 2129 1909 2192 repetere
1939 2141 2059 2193 quae
2086 2122 2258 2190 expli-

213 2214 413 2265 cationi
445 2215 779 2266 Psalmorum
812 2235 857 2267 a.
894 2217 1030 2267 1866
1061 2215 1223 2268 editae
1251 2217 1542 2285 praeposui.
1575 2218 1770 2285 Itaque
1798 2218 2015 2285 plenam
2044 2234 2259 2267 rursum

215 2308 624 2378 perfectamque
669 2310 928 2378 profiteor
974 2311 1343 2362 obedientiam
1392 2330 1525 2380 erga
1573 2312 1872 2363 Ecclesiam
1914 2310 2257 2371 catholicam,

215 2418 335 2468 quae
377 2402 620 2451 colu-mna
667 2408 741 2452 est
789 2408 837 2453 et
862 2403 1271 2471 firmamentum,
1315 2405 1559 2455 veritatis
1609 2405 1655 2471 (l
1705 2405 1843 2455 Tim.
1891 2403 2000 2465 ΙΙΙ,
2049 2402 2156 2468 15),
2205 2408 2260 2452 et

214 2493 363 2561 cujus
401 2500 474 2545 est
500 2494 746 2562 judicare
786 2496 849 2547 de
888 2516 1004 2548 vero
1043 2516 1198 2548 sensu
1228 2503 1274 2549 et
1304 2498 1364 2547 de
1391 2497 1824 2566 interpretatione
1855 2495 2259 2565 Scripturarum

214 2604 491 2637 sacrarum
540 2587 711 2653 (conc.
755 2589 903 2641 Trid.
934 2608 1065 2641 sess.
1098 2590 1225 2657 IV).
1257 2590 1454 2642 Omnia
1481 2591 1643 2642 etiam
1674 2591 1882 2658 scripta
1909 2607 2028 2640 mea
2047 2587 2257 2656 judicio

219 2678 376 2730 Sedis
425 2680 757 2747 Apostolicae
806 2681 1082 2742 Romanae,
1126 2682 1278 2750 cujus
1325 2683 1597 2745 Pontifici,
1647 2701 1690 2734 s.
1743 2681 1892 2733 Petri
1935 2679 2256 2742 successori,

213 2774 457 2840 regimen
502 2774 767 2826 universae
809 2775 1066 2827 Ecclesiae
1105 2783 1270 2844 atque
1309 2776 1598 2839 infallibile
1639 2775 1860 2827 docendi
1886 2775 2260 2843 maqisterium

219 2864 308 2930 (cf.
352 2884 503 2917 conc.
551 2866 728 2918 Vatic.
769 2886 901 2918 sess.
931 2870 984 2934 4)
1034 2868 1298 2920 divinitus
1338 2869 1690 2920 commissum
1733 2873 1836 2932 est,
1880 2867 2254 2920 sincerissimo

213 2960 411 3009 mentis
456 2960 741 3028 cordisque
788 2961 1069 3030 obsequio,
1113 2962 1348 3013 libenter
1381 2963 1672 3014 submitto.
