2430 4030
697 286 931 323 summm
971 286 1256 325 murman
1300 289 1622 329 Pnarcunun.
2075 283 2180 335 259

76 395 99 481 ,ἑ
143 425 260 480 loca
297 423 686 486 incideremuS,
733 422 800 474 de
827 423 1000 492 puppi
1030 423 1315 476 mittentes
1342 425 1610 478 anchoras
1638 432 1874 496 quatuor
1911 429 2182 498 optabant

64 516 98 530 ·“
143 507 287 560 diem
312 505 449 558 fieri.
481 509 514 546 ²¹<
545 503 744 556 Nautis
780 521 909 556 vero
938 505 1316 573 quaerentibus
1343 506 1535 574 fugere
1553 507 1633 559 de
1673 509 1817 573 navi,
1846 527 1968 561 cum
1998 511 2180 563 misis-
2206 522 2262 561 30

60 593 113 651 Ξ
141 595 264 644 sent
315 590 574 659 scapham
620 588 675 639 in
730 606 896 650 mare,
952 587 1053 639 sub
1102 587 1335 639 obtentu
1383 590 1541 657 quasi
1581 590 1890 660 inciperent,
1936 611 1965 642 a
2018 611 2183 662 prora

139 671 403 724 anchoras
441 671 759 732 extendere,
791 673 823 709 ³¹<
853 668 992 720 dixit
1024 669 1228 720 Paulus
1270 671 1603 734 centurioni,
1634 677 1689 724 et
1717 674 2022 727 militibus:
2055 675 2183 728 Nisi
2205 687 2258 727 31

7 811 11 813 Δ
44 756 74 819 j
140 753 197 806 hi
237 754 294 805 in
339 753 466 806 navi
505 751 831 816 manserint,
861 768 958 804 vos
994 751 1131 803 salvi
1163 750 1282 802 fieri
1319 769 1430 804 non
1471 754 1725 822 potestis.
1757 759 1789 796 ³¹<
1818 755 1970 820 Tunc
1998 756 2181 809 absci-
2208 769 2262 807 32

8 842 70 903 ‘23
141 836 340 890 derunt
367 836 570 887 milites
597 835 756 886 funes
785 833 992 902 saphae,
1025 838 1081 885 et
1108 835 1253 903 passi
1285 839 1416 886 sunt
1443 852 1562 886 eam
1594 836 1871 890 excidere.

214 923 247 960 *
294 919 367 971 Et
405 936 530 971 cum
578 919 672 970 lux
713 917 984 985 inciperet
1021 917 1158 980 fieri,
1202 917 1435 986 rogabat
1489 918 1689 971 Paulus
1737 938 1928 973 omnes
1965 938 2188 975 sumere
2208 934 2260 972 33

142 1001 343 1065 cibum,
385 1002 572 1054 dicens
601 1021 610 1052 z
656 999 1076 1065 Quartadecima
1103 999 1192 1051 die
1220 1000 1384 1052 hodie
1415 1007 1805 1070 exspectantes
1841 1003 2017 1072 jejuni
2057 1023 2183 1074 per-

141 1085 390 1150 manetis,
433 1083 571 1135 nihil
613 1083 968 1152 accipientes
1037 1087 1068 1122 ³<
1116 1082 1351 1152 Propter
1399 1084 1547 1152 quod
1589 1102 1725 1153 rogo
1783 1104 1877 1139 vos
1933 1089 2183 1156 accipere
2211 1101 2264 1140 34

139 1168 321 1221 cibum
349 1185 447 1237 pro
475 1167 651 1219 salute
680 1171 891 1219 vestra:
939 1165 1068 1234 quia
1094 1165 1300 1218 nullius
1349 1173 1596 1219 vestrum
1644 1169 1874 1237 capillus
1906 1170 1972 1223 de
2001 1171 2184 1239 capite

200 1463 269 1508 30.
303 1463 488 1508 NAUTIS
528 1476 871 1518 QUAERENTIBUS
912 1475 1113 1516 russas,
1152 1464 1264 1521 quia
1305 1464 1398 1519 ipsi
1439 1463 1586 1520 probe
1629 1464 1845 1509 sciebant
1882 1467 2065 1511 nullam
2106 1474 2196 1513 aut⁴

141 1545 338 1589 parvam
363 1547 498 1590 spem
523 1547 628 1577 esse
663 1533 712 1576 in
735 1532 974 1584 anchoris,
993 1547 1102 1576 cum
1122 1531 1259 1576 navis
1286 1536 1415 1576 esset
1435 1532 1526 1576 sub
1558 1537 1703 1578 vento
1737 1548 1885 1590 prope
1908 1535 2041 1588 litus,
2065 1542 2113 1581 et
2140 1538 2186 1581 in

141 1607 277 1648 tanta
315 1603 510 1662 quidem
552 1605 774 1661 procella.
823 1603 970 1660 QUAs1
1013 1616 1299 1648 INCIPERENT
1339 1609 1452 1649 etc:
1502 1605 1640 1662 quasi
1674 1605 1910 1651 anchoras
1954 1609 2188 1665 quasdam

143 1673 336 1729 (αγκυρας
372 1674 478 1718 sine
515 1680 622 1725 art„
666 1689 782 1730 ergo
828 1674 944 1718 alias
986 1688 1130 1731 quam
1163 1689 1209 1718 v.
1253 1676 1327 1727 29)
1360 1683 1522 1719 essent
1548 1675 1746 1719 missuri
1787 1690 1815 1720 a.
1848 1681 1985 1732 parte
2017 1691 2190 1734 prorae.

146 1742 382 1801 Scapham
404 1746 455 1789 in
480 1759 609 1789 mare
649 1745 926 1796 mittebant,
952 1744 1090 1802 quasi
1123 1744 1303 1790 vellent
1327 1745 1578 1802 paululum
1612 1761 1638 1791 a
1658 1747 1851 1803 navigio
1875 1749 2112 1802 recedere,
2132 1756 2190 1796 ut

143 1815 376 1860 anchoras
403 1816 452 1859 in
478 1830 611 1860 mare
635 1814 945 1872 projicerent.

205 1885 274 1929 31.
311 1885 506 1937 Paulus,
547 1899 634 1942 pro
674 1899 760 1928 sua
799 1884 848 1927 in
886 1884 1030 1928 rebus
1075 1884 1282 1928 nauticis
1321 1886 1618 1942 experientia
1657 1893 1802 1943 atque
1842 1887 1984 1932 etiam
2026 1888 2192 1935 innato

145 1955 322 1999 mentis
365 1955 600 2006 acumine,
641 1955 809 2000 statim
855 1954 1071 1998 fraudem
1115 1953 1315 2010 detegit,
1360 1960 1409 1999 et
1451 1956 1508 2000 de
1553 1970 1606 1999 ea
1648 1961 1807 2000 monet
1857 1957 2190 2002 centurionem

146 2025 422 2082 militesque
458 2025 561 2081 ejus
612 2026 727 2079 (non
773 2025 1122 2081 qubernatorem
1165 2029 1212 2069 et
1255 2026 1548 2080 nauclerum,
1585 2027 1699 2085 quia
1735 2027 1817 2071 isti
1863 2040 1970 2071 cum
2017 2031 2191 2074 ceteris

145 2095 306 2138 nautis
337 2094 702 2152 conspirabant;
745 2109 841 2138 non
867 2098 1059 2139 vectores
1080 2096 1366 2150 generatim,
1399 2096 1512 2153 quia
1554 2096 1602 2139 hi
1628 2096 1793 2153 fugam
1826 2094 2062 2153 impedire
2094 2113 2191 2144 non

147 2165 455 2222 potuissent).
494 2165 607 2211 NISI
638 2179 688 2211 IN
732 2176 845 2209 NAVI
883 2177 1174 2209 MANSERINT:
1214 2179 1426 2223 namque
1467 2167 1525 2211 ad
1564 2167 1749 2212 labores
1792 2168 2010 2213 nauticos
2053 2184 2194 2214 mane

147 2234 478 2291 suscipiendos
521 2235 598 2290 (de
639 2235 818 2293 quibus
844 2236 968 2279 infra
1008 2250 1051 2279 v.
1077 2236 1134 2279 40
1165 2239 1212 2279 et
1237 2237 1312 2289 41)
1337 2236 1534 2281 omnino
1558 2237 1816 2282 necessarii
1852 2245 1989 2283 erant
2016 2244 2191 2293 nautae,

146 2304 228 2361 qui
268 2304 356 2348 soli
398 2318 559 2348 rerum
598 2304 802 2349 istarum
842 2305 984 2361 periti
1032 2308 1181 2349 erant.
1225 2304 1354 2350 Deus
1395 2305 1588 2363 quidem
1635 2306 1781 2351 Paulo
1823 2312 1991 2351 notum
2017 2308 2194 2354 fecerat

146 2374 386 2418 neminem
421 2375 691 2430 periturum
726 2389 846 2426 esse,
886 2373 970 2418 sed
1009 2373 1097 2417 sub
1140 2374 1228 2418 hac
1270 2376 1417 2420 tacita
1458 2376 1731 2421 conditione
1766 2382 1836 2430 ut,
1862 2377 1990 2434 quod
2025 2392 2110 2434 per
2143 2393 2194 2423 se

147 2448 293 2499 patet,
317 2443 531 2487 subsidia
554 2443 766 2488 humana
789 2443 1134 2488 adhiberentur
1155 2444 1336 2488 omnia.

208 2511 279 2555 32.
310 2512 486 2557 Nautae
527 2512 638 2557 inde
675 2512 948 2557 didicerunt
985 2512 1175 2555 firmam
1212 2527 1318 2556 esse
1361 2514 1570 2558 militum
1606 2519 1835 2568 mentem,
1859 2515 2074 2574 adeoque
2109 2522 2195 2563 aut

148 2595 258 2626 cum
278 2582 554 2627 vectoribus
582 2581 882 2638 pereundum
906 2596 1024 2634 esse,
1047 2587 1132 2626 aut
1149 2596 1256 2625 cum
1281 2583 1398 2639 ipsis
1422 2584 1574 2629 vitam
1604 2585 1908 2630 servandam.

209 2651 278 2695 33.
315 2652 377 2697 ΕΤ
397 2664 495 2696 CUM
516 2665 608 2696 Lux
630 2665 883 2697 memsam
905 2664 1062 2696 mam:
1087 2667 1245 2709 graece
1267 2653 1525 2711 usquedum
1549 2658 1704 2698 autem
1730 2655 1826 2698 dies
1847 2655 1899 2698 ia
1928 2669 1976 2699 eo
2009 2659 2109 2700 erat
2143 2659 2194 2699 ut

141 2719 274 2777 fieret
324 2735 408 2765 seu
453 2725 505 2765 ut
550 2721 772 2778 inciperet
816 2721 1060 2776 (flandrice
1104 2725 1164 2766 tot
1210 2721 1292 2766 dat
1337 2722 1408 2767 het
1450 2723 1539 2780 day
1593 2723 1704 2779 952ng
1747 2723 1967 2775 worden),
2009 2724 2195 2767 Paulus

151 2795 428 2836 constanter
451 2790 794 2835 adhortabatur
813 2791 1019 2847 (imperf.
1035 2795 1171 2836 notat
1193 2797 1352 2836 actum
1383 2807 1512 2848 saepe
1528 2793 1778 2847 iteratum)
1796 2807 1950 2836 omnes
1968 2796 2020 2837 ut
2044 2792 2194 2837 cibum

152 2863 378 2918 caperent.
416 2860 591 2917 Igitur,
638 2875 724 2917 per
761 2865 919 2905 totum
966 2860 1085 2904 illud
1132 2861 1364 2916 temporis
1408 2861 1636 2918 spatium,
1678 2861 1806 2918 quod
1859 2861 2040 2906 effluxit
2083 2868 2196 2907 ante

152 2931 355 2986 primam
387 2945 574 2976 aurorae
614 2930 768 2975 lucem
794 2931 907 2987 (quo
929 2933 1176 2974 momento
1215 2929 1476 2986 incipiendi
1500 2935 1639 2975 erant
1673 2930 1834 2974 ultimi
1870 2937 2073 2976 conatus
2107 2946 2195 2988 pro

152 3000 363 3059 effugio),
387 3002 667 3059 Apostolus,
687 3015 877 3045 summa
901 3000 982 3044 illa
999 3014 1116 3044 usus
1151 3001 1441 3046 auctoritate
1465 3015 1610 3058 quam
1634 3000 1764 3057 apud
1786 3015 1954 3046 omnes
1978 3001 2196 3046 obtinue-

34 3070 74 3098 ⁴‘
96 3087 125 3111 f
151 3075 241 3123 rat,
263 3072 447 3116 animos
480 3071 559 3114 eis
590 3070 795 3115 addebat
819 3078 866 3115 et
888 3071 1173 3116 hortabatur
1207 3084 1287 3114 eos
1310 3069 1550 3126 imprimis
1575 3073 1630 3114 ut
1656 3068 1818 3113 cibum
1851 3074 2114 3115 sumerent.
2140 3094 2198 3102 -—

51 3135 78 3186 *s
151 3138 304 3185 NIHIL
347 3153 670 3184 Acelrmnrns:
710 3154 805 3184 non
837 3140 897 3184 ad
929 3139 1120 3184 literam
1159 3138 1531 3196 intelligendum
1569 3144 1660 3191 est,
1702 3138 1800 3192 sed,
1825 3143 1879 3183 ut
1900 3137 2053 3191 aiunt,
2088 3153 2196 3184 cum

0 3242 13 3274 :t
149 3223 296 3267 yra‘no
321 3210 455 3263 salis,
479 3211 569 3255 hoc
594 3225 739 3255 sensu
764 3209 894 3267 quod
916 3209 995 3253 vix
1015 3209 1279 3266 quidquam
1303 3209 1522 3253 alimenti
1548 3209 1814 3266 cepissent.

212 3282 284 3326 34.
315 3282 416 3326 Psso
446 3293 618 3326 sALu‘rn
650 3293 845 3325 vnsrRA:
876 3280 975 3337 jam
1020 3279 1343 3324 animadverti
1366 3278 1426 3322 ad
1459 3293 1507 3323 v.
1543 3279 1616 3331 31,
1642 3292 1948 3336 nequaquam
1981 3278 2200 3335 potuisse

0 3354 33 3400 ²,
83 3350 95 3394 13
153 3351 312 3397 omitti
338 3365 447 3409 quae
470 3350 682 3395 humana
707 3348 939 3394 suadebat
976 3347 1256 3405 prudentia:
1292 3347 1543 3404 oportebat
1576 3351 1741 3392 autem
1779 3352 1835 3391 ut
1873 3347 2002 3392 vires
2040 3347 2200 3392 refice-

0 3421 16 3479 }
67 3406 324 3483 gfiremm.
346 3434 434 3478 pro
458 3420 580 3465 duro
603 3419 766 3464 labore
789 3432 896 3464 mox
931 3416 1252 3473 suscipiendo.
1296 3440 1352 3448 —-
1392 3416 1606 3461 NULLms
1639 3429 1855 3460 vastrRUM
1890 3429 2108 3460 caranus
2140 3430 2201 3460 nn

63 3482 100 3549 5}
155 3501 316 3535 oAPrrn
346 3503 552 3535 mmmm:
579 3488 888 3547 proverbium
926 3491 1027 3532 est:
1067 3487 1256 3531 nullum
1281 3487 1528 3543 patiemini
1553 3487 1786 3531 damnum
1823 3488 1872 3531 in
1910 3486 2200 3543 corporibus

0 3567 43 3590 ·-”
127 3567 138 3597 ὲ
155 3563 330 3609 vestris
337 3580 354 3615 ;
382 3575 580 3620 prorsus
603 3561 866 3606 incolumes
885 3557 1098 3604 evadetis
1116 3571 1309 3603 omnes.
