2430 4030
223 311 291 362 28
710 326 1063 362 INTRODUCTIO
1104 326 1158 359 IN
1200 326 1360 362 ACTUs
1399 326 1792 361 APOSTOLORUM.

297 464 442 515 Ante
471 465 651 515 omnia
678 464 1225 516 animadvertendum
1256 471 1358 526 est,
1389 466 1532 517 facta
1572 466 1855 528 historica,
1895 465 1950 516 in
1981 466 2082 517 hoc
2108 465 2267 528 libro,

222 548 523 599 secundum
553 548 817 615 temporis
841 549 1107 610 ordinem,
1132 555 1372 600 attamen
1399 550 1608 618 absque
1630 550 1869 617 regulari
1900 549 2271 618 chronologiae

221 632 521 694 notatione,
569 651 599 682 a
648 632 794 683 Luca
842 635 1095 701 exposita
1139 634 1324 684 fuisse.
1377 633 1534 701 Saepe
1575 638 1931 684 numerantur
1972 633 2107 695 dies,
2149 651 2270 683 raro

218 720 400 766 autem
453 716 617 778 anni3
678 715 876 766 deinde
932 716 1133 768 indicia
1186 716 1576 784 chronologica
1630 735 1697 767 ex
1754 716 1984 767 historia
2042 716 2272 784 profana
2306 725 2310 728 ’

220 797 507 868 desumpta
538 800 757 850 nonnisi
787 799 966 851 obiter
996 807 1050 851 et
1078 801 1231 869 quasi
1261 800 1488 851 fortuito
1517 800 1884 868 reperiuntur.

511 1016 742 1055 TABULA
776 1014 1228 1054 CHRONOLOGICA
1263 1016 1502 1054 ACTUUM
1537 1016 1978 1063 APOSTOLORUM,

917 1145 969 1176 IN
994 1144 1098 1184 QUA
1123 1145 1279 1178 SIMUL
1303 1145 1581 1178 INDICATUR

223 1264 339 1309 QUO
371 1264 660 1304 TEMPORIS
692 1266 910 1304 ORDINE
951 1266 1246 1305 EPISTOLAE
1292 1265 1571 1304 PAULINAE
1613 1265 1873 1303 SCRIPTAE
1915 1264 2271 1304 VIDEANTUR.

551 1427 800 1495 Spatium
847 1428 1078 1496 triginta
1121 1429 1339 1480 circiter
1383 1446 1649 1478 annorum
1693 1428 2078 1496 complectitur
2115 1426 2271 1478 liber.

223 1509 290 1560 A.
333 1510 399 1560 29
445 1510 526 1560 vel
570 1510 655 1560 30.
703 1512 966 1562 Ascensio
1011 1510 1218 1562 Christi
1260 1518 1314 1561 et
1359 1511 1702 1562 Pentecoste.
1753 1511 1980 1560 Initium
2015 1510 2271 1560 Actuum.

550 1592 755 1643 Eodem
787 1612 931 1644 anno
961 1600 1266 1645 evenerunt
1293 1612 1354 1644 ea
1384 1611 1503 1661 quae
1537 1594 1659 1644 Act.
1684 1592 1860 1650 III-V
1888 1593 2169 1659 leguntur.

224 1675 290 1724 A.
333 1674 419 1724 34.
466 1674 778 1742 Stephanus
809 1677 1103 1744 lapidatur,
1134 1684 1188 1726 et
1219 1695 1418 1744 magna
1451 1676 1848 1743 Hierosolymis
1878 1676 2050 1725 oritur
2078 1674 2270 1725 adver-

550 1776 641 1808 sus
670 1759 996 1810 christianos
1027 1761 1337 1828 persecutio
1365 1781 1374 1810 ε
1411 1762 1532 1810 Act.
1563 1757 1838 1809 VI-VHI.

227 1843 292 1892 A.
336 1841 423 1892 35.
468 1840 767 1893 Conversio
813 1862 853 1894 s.
908 1844 1061 1894 Pauli
1115 1844 1261 1909 (Act.
1314 1843 1413 1905 IX,
1470 1846 1491 1893 1
1541 1842 1709 1911 sqq),
1763 1842 1983 1892 circiter
2031 1841 2274 1910 quinque

549 1926 705 1975 annis
734 1933 860 1994 post
893 1926 1100 1977 Christi
1131 1933 1383 1977 mortem.

468 2007 668 2058 Paulus
711 2009 978 2060 Damasco
1025 2011 1079 2059 in
1130 2010 1385 2060 Arabiam
1438 2009 1584 2077 (post
1625 2007 1741 2058 dies
1783 2025 1984 2075 paucos
2018 2008 2139 2057 Act.
2170 2005 2270 2067 IX,

554 2092 665 2156 19),
698 2092 1063 2159 proficiscitur
1097 2092 1236 2159 (Gal.
1272 2094 1314 2155 I,
1345 2093 1407 2142 17
1438 2092 1559 2142 coll.
1584 2098 1770 2141 annot.
1798 2091 1851 2140 in
1879 2093 2002 2141 Act.
2031 2089 2128 2148 IX,
2155 2090 2270 2155 23),

551 2174 739 2242 ibique
783 2174 896 2225 fere
944 2175 1122 2226 tribus
1169 2176 1325 2225 annis
1378 2175 1593 2240 (diebus
1635 2173 1840 2234 multis,
1878 2176 1995 2223 Act.
2030 2171 2128 2234 IX,
2158 2171 2272 2237 23),

553 2258 815 2307 mansisse
845 2258 1097 2310 videtur:
1130 2259 1256 2308 inde
1290 2258 1613 2308 Damascum
1647 2256 1806 2306 redit.

227 2339 295 2388 A.
337 2339 424 2388 38.
469 2339 649 2390 Pauco
698 2352 911 2390 tantum
963 2351 1207 2408 tempore
1253 2342 1304 2391 in
1355 2358 1416 2390 ea
1462 2340 1685 2389 civitate
1730 2357 1944 2388 manere
1987 2337 2188 2406 potuit,
2220 2343 2276 2387 et

551 2423 771 2490 aufugit
822 2423 1282 2491 Hierosolymam,
1328 2426 1452 2473 Act.
1501 2422 1601 2483 IX,
1650 2423 1736 2483 23,
1786 2421 1962 2471 tribus
1991 2430 2118 2488 post
2145 2438 2274 2471 con-

553 2508 856 2556 versionem
906 2508 1063 2557 annis
1116 2507 1255 2572 (Gal.
1307 2506 1350 2569 I,
1404 2506 1514 2571 18).
1565 2505 1694 2555 Post
1738 2504 2050 2573 quindecim
2092 2517 2273 2553 autem

554 2588 670 2639 dies
713 2588 853 2654 (Gal.
886 2590 930 2652 I,
966 2591 1050 2656 18)
1101 2590 1327 2641 Tarsum
1367 2591 1421 2640 in
1454 2589 1699 2642 Ciliciam
1740 2588 1858 2639 abit
1913 2587 2054 2653 (Gal.
2090 2587 2134 2648 Ι,
2167 2587 2229 2636 21
2260 2608 2272 2647 ;

555 2673 679 2722 Act.
712 2671 810 2733 IX,
843 2673 947 2735 303
980 2673 1100 2724 coll.
1133 2673 1233 2736 XI,
1266 2674 1380 2739 25).

415 2797 425 2808 .
471 2757 517 2806 A
547 2757 796 2807 Barna-ba
828 2757 1176 2808 Antiochiam
1207 2757 1443 2821 ducitur,
1479 2759 1603 2808 Act.
1633 2756 1735 2819 XI,
1768 2756 1853 2806 25.

284 2881 294 2893 .
336 2843 423 2893 42.
470 2842 720 2893 Secundo
766 2849 889 2910 post
934 2843 1347 2893 conversionem
1398 2842 1833 2910 Hierosolymam
1889 2838 2155 2901 ascendit,
2204 2838 2272 2889 ab

553 2926 913 2977 Antiochenis
944 2927 1157 2988 missus,
1189 2929 1475 2978 occasione
1503 2927 1661 2977 famis
1687 2947 1697 2977 ε
1735 2927 1855 2976 Act.
1885 2923 1988 2985 XI,
2019 2923 2211 2975 27-30.

283 3049 293 3061 .
335 3011 421 3060 42.
467 3009 740 3059 Liberatio
771 3027 812 3059 s.
848 3009 1014 3070 Petri,
1047 3016 1102 3059 et
1132 3028 1275 3060 mors
1310 3009 1546 3060 Herodis
1579 3008 1864 3076 Agrippae,
1899 3008 2021 3056 Act.
2052 3005 2186 3056 XII.

410 3133 418 3143 .
465 3093 705 3142 Primum
750 3092 852 3142 iter
901 3092 1053 3143 Pauli
1098 3092 1503 3159 apostolicum:
1551 3092 1606 3142 in
1665 3089 1906 3158 Cyprum
1957 3100 2011 3138 et
2054 3088 2268 3138 Asiam-

553 3178 843 3239 Minorem,
877 3179 1002 3230 Act.
1036 3177 1202 3229 XIII.

230 3266 295 3316 A.
337 3265 422 3314 52.
467 3263 901 3330 Hierosolymam
941 3281 998 3312 se
1046 3261 1259 3312 confert
1306 3260 1491 3327 (tertio
1542 3265 1668 3328 post
1711 3255 2172 3323 conversionem),
2203 3255 2273 3307 ad

553 3348 843 3398 concilium
873 3347 1018 3415 quod
1049 3353 1270 3414 propter
1298 3346 1659 3415 quaestionem
1706 3344 1773 3394 de
1819 3342 2115 3411 Legalibus
2145 3359 2274 3392 oon-

555 3435 846 3498 gregatum
874 3429 994 3489 fuit,
1028 3431 1150 3479 Act.
1181 3427 1306 3490 XV,
1337 3427 1458 3478 coll.
1493 3426 1612 3477 Gal.
1649 3426 1726 3488 II,
1763 3427 1810 3476 l.

232 3522 297 3572 A.
339 3519 425 3570 52.
470 3514 778 3568 Secundum
808 3515 911 3564 iter
943 3514 1336 3580 Evangelicum
1380 3512 1705 3579 suscipiens,
1762 3510 2272 3572 Asiam-Minorem,

558 3597 952 3659 Macedoniam,
985 3596 1248 3648 Graeciam
1277 3602 1402 3659 etc„
1433 3587 1710 3664 peragrat,
1745 3597 1867 3646 Act.
1897 3592 2024 3657 XV,
2055 3593 2123 3644 36
2152 3609 2270 3663 sqq.

227 2758 276 2892 1³»

285 2757 398 2808 '2—

226 3011 292 3143 pm>

332 3094 399 3143 ἐξ
