2430 4030
204 295 272 346 30
684 307 1035 344 INTRODUC'PIO
1077 309 1134 343 IN
1173 307 1336 344 ACTUS
1375 308 1776 345 APoswoLoRUM.

530 462 638 514 qua
681 442 930 494 nonnulli
979 447 1210 493 censent
1256 440 1441 492 datam
1487 441 1658 492 fuisse
1698 442 1984 511 epistolam
2026 443 2258 512 primam

527 528 596 579 ad
651 526 1037 588 Timotheum3
1094 525 1203 577 iter
1255 530 1440 576 autem
1505 526 1695 594 pergit
1757 527 1810 579 in
1881 525 2149 579 Graeciam
2204 534 2260 579 et

530 613 768 674 Italiam,
822 611 931 660 imo
986 627 1116 661 vero
1172 609 1403 660 forsitan
1463 627 1633 679 usque
1682 611 1736 661 in
1786 611 2111 680 Hispaniam
2159 612 2259 680 (l),

529 696 623 746 ubi
651 695 706 745 in
736 693 955 746 vincula
997 692 1300 761 conjectus,
1345 692 1572 743 Romam
1615 694 1718 746 sub
1760 693 1980 746 Nerone
2021 694 2259 747 ducitur.

529 779 596 830 In
645 795 862 829 carcere
912 794 1044 828 vero
1091 794 1213 827 cum
1261 794 1303 827 S.
1357 775 1519 826 Petro
1568 775 1945 845 conjungitur.
1990 777 2078 828 Ad
2116 778 2258 828 hanc

527 862 756 912 alteram
809 859 964 909 Pauli
1011 859 1067 908 in
1117 857 1253 908 urbe
1303 857 1476 908 Roma
1522 858 1831 909 custodiam
1880 859 2070 910 referri
2117 859 2260 911 solet

530 945 765 1015 epistola
796 945 849 994 2ἃ
890 943 961 993 ad
1004 942 1370 1002 Timotheum5
1416 960 1538 1011 quae
1578 943 1819 994 omnium
1861 944 2052 994 ultima
2092 943 2258 995 habe-

527 1038 634 1094 tur,
667 1031 789 1081 ideo
820 1029 1125 1097 praesertim
1157 1026 1304 1096 quod
1331 1036 1523 1079 auctor
1561 1035 1788 1080 mortem
1831 1029 1938 1079 sibi
1978 1029 2260 1080 imminere

530 1114 810 1183 significet
853 1134 862 1163 :
906 1113 1033 1178 qu,
1075 1110 1276 1179 inquit,
1305 1109 1430 1177 jam
1470 1110 1690 1171 delibor,
1731 1116 1779 1161 et
1820 1116 2022 1180 tempus
2062 1111 2256 1162 resolu-

529 1197 693 1248 tionis
737 1214 858 1246 meoc
898 1195 1071 1245 instat
1079 1233 1169 1245 .....
1217 1193 1431 1244 Bonum
1477 1199 1738 1245 certamen
1784 1196 1999 1258 certavi,
2046 1213 2257 1246 cursum

528 1279 911 1342 consummavi,
952 1277 1120 1346 fidem
1173 1277 1383 1328 servavi
1440 1298 1454 1328 :
1529 1278 1590 1328 in
1643 1279 1847 1347 reliquo
1899 1281 2134 1348 reposita
2183 1283 2257 1330 est

527 1363 665 1414 mihi
705 1380 897 1413 corona
925 1361 1162 1430 justitice
1201 1367 1306 1411 etc.
1355 1361 1406 1426 (2
1451 1359 1587 1412 Tim.
1630 1361 1730 1424 IV,
1775 1362 1912 1429 6-8).

204 1446 270 1496 A.
313 1446 399 1509 67,
442 1446 530 1497 die
572 1446 639 1496 29
682 1444 853 1507 Junii,
902 1451 1030 1512 post
1078 1461 1274 1495 novem
1316 1461 1532 1494 menses
1572 1443 1628 1493 in
1669 1461 1883 1495 carcere
1926 1444 2256 1496 Mamertino

533 1530 615 1595 (ut
655 1528 763 1578 fert
806 1527 1051 1594 traditio)
1099 1531 1425 1589 transactos,
1465 1544 1609 1576 anno
1651 1526 1973 1578 duodecimo
2001 1526 2255 1590 Neronis,

527 1610 717 1661 eodem
763 1616 1024 1678 tempore.
1051 1627 1157 1677 quo
1199 1626 1242 1659 S.
1288 1609 1506 1672 Petrus,
1548 1609 1616 1659 ad
1659 1611 1846 1679 Aquas
1890 1609 2117 1672 Salvias,
2148 1611 2256 1661 tria

532 1693 786 1744 milliaria
825 1700 981 1744 extra
1025 1693 1253 1755 Urbem,
1294 1693 1590 1761 gloriosam
1633 1711 1732 1761 pro
1774 1693 1992 1745 Christo
2020 1695 2257 1746 sustinet

529 1782 781 1829 mortem.

272 1858 435 1911 Nota.
483 1861 551 1911 1⁰.
601 1860 768 1923 Anni,
815 1859 870 1909 in
918 1858 1166 1926 margine
1212 1858 1396 1926 positi,
1448 1858 1748 1910 secundum
1793 1877 1958 1911 aeram
2002 1860 2256 1929 Dionysi-

199 1961 375 2007 anam,
409 1962 530 2012 quae
560 1943 704 1993 inter
732 1943 1062 1994 christianos
1092 1942 1337 2010 vulgaris
1368 1949 1470 2005 est,
1500 1949 1905 2011 computantur.

277 2028 351 2078 2⁰.
409 2026 614 2094 Magna
669 2027 815 2076 inter
869 2025 1116 2076 eruditos
1170 2030 1255 2075 est
1309 2026 1705 2076 sententiarum
1763 2025 2054 2077 diversitas
2109 2027 2256 2096 quod

203 2114 419 2178 spectat
473 2109 542 2160 ad
598 2111 837 2160 Actuum
892 2107 1324 2175 chronologiam.
1374 2107 1491 2159 Nec
1537 2109 1732 2159 mirum
1788 2130 1797 2159 :
1846 2115 2067 2160 sanctus
2111 2111 2253 2160 enim

203 2192 397 2254 Lucas,
443 2192 691 2260 quamvis
720 2192 968 2242 ordinem
998 2190 1288 2259 quemdam
1320 2190 1638 2242 historicum
1670 2192 1985 2254 servaverit,
2016 2192 2255 2244 Annales

202 2275 393 2326 stricte
438 2275 615 2327 dictos
661 2275 1009 2326 conscribere
1054 2274 1250 2336 noluit,
1300 2279 1465 2342 atque
1510 2274 1634 2325 ideo
1683 2276 1761 2326 rei
1810 2283 1985 2343 gestae
2041 2280 2254 2327 certum

202 2366 418 2428 tempus
459 2378 553 2410 seu
594 2378 796 2409 annum
838 2377 1105 2427 nusquam
1135 2357 1337 2425 posuit,
1385 2357 1480 2408 sed
1508 2359 1710 2426 passim
1740 2375 1870 2409 usus
1898 2364 1984 2409 est
2008 2359 2257 2411 formulis

201 2443 430 2494 infinitis
470 2443 526 2493 in
567 2443 677 2494 illis
717 2443 917 2506 diebus,
958 2444 1018 2492 in
1057 2442 1154 2492 illo
1197 2447 1444 2511 tempore,
1486 2449 1541 2493 et
1581 2443 1872 2495 similibus.
1918 2445 2102 2512 Atque
2141 2441 2257 2494 haec

203 2545 332 2578 sane
385 2545 546 2578 causa
593 2534 677 2577 est
722 2545 887 2595 quare
934 2543 1107 2576 annos
1150 2526 1205 2575 iu
1261 2525 1447 2576 tabula
1501 2531 1689 2576 nostra
1743 2525 2011 2577 indicatos
2064 2525 2255 2576 stricte

202 2609 450 2678 accipere
502 2629 608 2660 non
666 2610 957 2677 possimus,
1014 2614 1291 2678 tamquam
1345 2615 1654 2660 accuratam
1710 2609 1973 2678 temporis
2026 2615 2249 2673 notam3

203 2693 564 2745 successionis
617 2694 866 2744 ordinem
921 2694 975 2742 in
1028 2692 1191 2743 factis
1245 2692 1380 2760 ipsis
1434 2692 1618 2761 potius
1672 2692 2022 2744 attendamus
2074 2693 2252 2756 decet,

204 2776 408 2844 quippe
455 2777 548 2845 qui
593 2776 796 2827 certior
843 2781 927 2827 est
974 2781 1029 2826 et
1076 2774 1295 2843 maJ'oris
1343 2776 1622 2827 momenti.
1671 2775 1753 2827 De
1792 2780 1993 2838 cetero,
2035 2782 2255 2827 secutus

203 2878 323 2909 sum
370 2858 612 2909 tabulam
657 2858 1100 2926 chronologicam
1146 2857 1212 2908 cl.
1258 2864 1315 2908 et
1358 2857 1502 2909 doct.
1556 2857 1814 2922 Giintner,
1857 2856 2066 2908 Introd.
2115 2858 2168 2907 in
2211 2876 2254 2908 s.

205 2941 361 2992 libros
401 2958 453 2992 η.
500 2942 555 2992 Τ.
603 2942 796 3009 Pragae
841 2941 998 2991 1863.
1045 2939 1261 2991 Lectori
1302 2940 1497 2991 inutile
1532 2941 1780 2992 fortassis
1822 2958 1928 2992 non
1970 2940 2075 2991 erit
2114 2939 2255 2990 hanc

203 3023 443 3074 tabulam
490 3041 611 3073 cum
655 3024 749 3073 illa
796 3040 957 3091 quam
1006 3021 1178 3072 tradit
1222 3021 1286 3073 R.
1335 3023 1394 3073 P.
1445 3022 1662 3073 Pinum
1700 3023 1769 3073 ad
1808 3023 2010 3073 calcem
2052 3020 2252 3073 Gomm.

203 3108 263 3157 in
301 3107 414 3158 Act.
453 3107 635 3175 Apo-st.
677 3123 1045 3174 comparasse.

694 3285 721 3351 ᾧ
774 3284 851 3334 18.
898 3282 1300 3351 Topoqraphica
1341 3282 1568 3334 Actuum
1607 3283 1766 3334 ratio.

281 3417 422 3467 Huic
468 3419 705 3467 Actuum
745 3417 1194 3468 commentariolo
1235 3416 1480 3468 tabulam
1513 3416 1876 3468 annexuimus
1917 3416 2251 3486 geographi·

264 3553 328 3607 (1)
363 3551 435 3596 De
473 3550 646 3596 itinere
684 3551 875 3595 Paulini
914 3551 964 3595 in
1005 3551 1307 3608 Hispaniam,
1340 3551 1450 3598 vide
1485 3550 1555 3595 Dn
1578 3550 1853 3604 VALROGER,
1877 3552 2000 3596 Intr.
2025 3565 2249 3596 awnouv.

208 3622 343 3676 Test„
367 3622 428 3666 ad
454 3621 633 3666 calcem
657 3619 696 3666 2ἰ
722 3621 815 3666 vol.
