2430 4030
562 338 605 373 s,
653 337 952 372 STEPHANUS
992 338 1268 386 DIACONUS,
1308 338 1694 376 PROTOMARTYR.
2070 329 2132 378 91

188 473 222 510 ²¹<
275 469 588 539 Stephanus
652 475 834 521 autem
899 471 1093 538 plenus
1158 472 1351 539 gratia,
1406 478 1461 522 et
1513 472 1851 537 fortitudine,
1906 475 2136 527 faciebat
2160 484 2187 522 8

114 553 383 622 prodigia,
413 562 467 604 et
496 553 656 621 signa
700 571 896 620 magna
925 553 979 602 in
1010 554 1225 621 populo,
1258 558 1290 594 >⁸
1320 553 1684 605 Surrexerunt
1711 562 1891 607 autem
1920 558 2136 625 quidam
2169 575 2195 614 9

116 634 183 686 de
220 653 522 704 synagoga,
570 652 691 704 quae
737 635 1046 702 appellatur
1088 635 1511 698 Libertinorum,
1552 643 1606 686 et
1649 635 2051 704 Cyrenensium,
2089 645 2142 689 et

116 717 633 780 Alexandrinorum,
679 724 735 767 et
781 734 966 767 eorum
1011 717 1104 784 qui
1147 723 1301 768 erant
1347 736 1377 766 a
1422 717 1625 780 Cilicia,
1669 723 1723 768 et
1768 719 1913 780 Asia,
1962 719 2143 786 dispu-

116 805 301 852 tantes
329 818 450 852 cum
483 801 763 869 Stephano
807 821 816 851 ε
861 805 893 840 >Ι<
935 808 990 850 et
1030 818 1137 850 non
1180 806 1430 868 poterant
1471 802 1723 851 resistere
1768 801 2065 868 sapientiae,
2095 809 2148 853 et
2176 824 2227 861 10

119 882 366 952 Spiritui,
408 885 501 952 qui
543 883 883 952 loquebatur.
915 887 948 923 >¹<
977 883 1128 933 Tunc
1167 883 1554 933 summiserunt
1595 884 1757 946 viros,
1790 883 1880 952 qui
1909 884 2150 936 dicerent
2175 874 2224 947 il

117 965 392 1017 audivisse
451 984 572 1016 eum
628 965 899 1016 dicentem
956 965 1120 1017 verba
1179 965 1530 1033 blasphemiae
1582 966 1636 1015 in
1693 965 1939 1033 Moysen,
1991 972 2045 1016 et
2095 967 2150 1016 in

124 1049 318 1100 Deum.
361 1052 394 1090 ²¹<
437 1048 865 1100 Commoverunt
905 1049 1088 1116 itaque
1131 1047 1365 1115 plebem,
1406 1054 1461 1098 et
1501 1049 1756 1110 seniores,
1798 1055 1852 1098 et
1891 1049 2095 1100 scribas
2137 1070 2228 1109 :12

119 1137 175 1181 et
233 1137 624 1182 concurrentes
679 1136 977 1198 rapuerunt
1035 1147 1175 1191 eum,
1225 1138 1279 1179 et
1331 1128 1679 1180 adduxerunt
1736 1131 1790 1179 in
1847 1131 2172 1193 concilium,-

118 1217 150 1253 *
186 1219 242 1264 et
269 1220 580 1264 statuerunt
606 1212 770 1262 falsos
801 1218 987 1273 testes,
1018 1211 1108 1279 qui
1150 1210 1395 1260 dicerent
1428 1231 1437 1260 z
1475 1211 1649 1261 Homo
1690 1211 1790 1260 iste
1833 1229 1938 1260 non
1981 1220 2152 1262 cessat
2181 1234 2228 1271 13

126 1299 275 1367 loqui
325 1298 493 1350 verba
539 1297 802 1347 adversus
849 1295 1026 1345 locum
1075 1302 1338 1356 sanctum,
1392 1304 1446 1343 et
1502 1295 1696 1360 legem.
1752 1299 1783 1334 ²¹<
1837 1295 2154 1346 Audivimus
2182 1320 2232 1358 14

125 1382 269 1432 enim
315 1399 437 1432 eum
492 1381 765 1432 dicentem
818 1400 826 1430 :
877 1379 1142 1443 Quoniam
1197 1377 1356 1427 Jesus
1412 1377 1724 1428 Nazarenus
1779 1378 1862 1428 hic
1915 1377 2156 1429 destruet

125 1467 302 1518 locum
343 1466 528 1528 istum,
559 1473 614 1515 et
643 1463 877 1514 mutabit
923 1462 1263 1523 traditiones,
1307 1478 1438 1529 quas
1482 1461 1708 1512 tradidit
1737 1462 1893 1513 nobis
1922 1462 2154 1530 Moyses.

185 1666 225 1709 8.
263 1666 450 1710 PLENUS
473 1678 642 1708 GRATIA
666 1677 722 1707 ET
748 1675 1071 1707 FORTITUDINE.
1110 1662 1172 1705 Ec
1206 1662 1328 1717 sign.
1362 1660 1630 1718 praesertim,
1652 1660 1896 1717 imprimis,
1931 1665 1984 1703 ut
2017 1675 2159 1717 supra

128 1750 228 1792 cap.
258 1735 297 1786 I,
319 1737 395 1788 143
420 1736 507 1779 hoc
530 1749 701 1779 sensu:
728 1733 909 1776 habens
936 1731 1172 1788 praecipue
1195 1731 1324 1773 illam
1348 1730 1551 1784 gratiam
1576 1743 1681 1785 quae
1707 1730 1788 1772 dat
1811 1729 2157 1773 fortitudinem.

127 1805 369 1848 Fortassis
392 1804 682 1859 intelligitur
705 1801 1004 1857 intrepiditas
1030 1800 1079 1843 in
1099 1798 1394 1855 praedicando
1420 1798 1687 1854 Evanqelio.
1715 1798 1839 1842 Vide
1861 1813 1902 1841 v.
1930 1812 2026 1854 seq.

187 1874 229 1917 9.
274 1873 507 1918 Libertini
548 1880 661 1915 sunt
702 1871 769 1914 illi
810 1871 908 1927 qui,
944 1876 1085 1913 antea
1127 1869 1269 1916 servi,
1307 1869 1418 1910 facti
1457 1874 1569 1910 sunt
1609 1867 1757 1910 liberi.
1798 1867 1900 1921 Qua
1931 1868 1990 1910 de
2020 1881 2160 1910 causa

133 1944 450 2000 Jerosolymis
476 1943 715 1986 exstiterit
740 1954 987 1997 synagoga
1021 1938 1165 1994 hujus
1199 1938 1424 1987 nominis,
1454 1944 1583 1980 certo
1606 1937 1698 1979 dici
1722 1938 1886 1992 nequit
1911 1955 1919 1980 ε
1945 1937 2161 1980 nonnulli

132 2014 422 2069 interpretes
446 2014 707 2068 opinantur
729 2024 833 2053 eam
861 2008 1145 2052 aedificatam
1171 2007 1317 2049 fuisse
1339 2021 1365 2048 a
1388 2005 1589 2055 Judaeis,
1621 2005 1703 2062 qui
1736 2005 1862 2054 olim,
1889 2018 1928 2046 a.
1963 2004 2018 2046 63
2051 2011 2161 2047 ante

136 2083 402 2134 Christum,
432 2081 520 2124 sub
544 2080 771 2136 Pompeio
795 2077 972 2134 captivi
999 2077 1199 2119 Romam
1220 2075 1365 2126 ducti,
1391 2080 1557 2130 postea
1581 2074 1629 2116 in
1654 2073 1925 2117 libertatem
1950 2073 2162 2116 restituti

131 2153 324 2195 fuerant
357 2157 501 2207 atque
537 2149 596 2192 ad
636 2148 842 2204 patriam
877 2145 1136 2189 redierant.
1178 2145 1306 2192 ASIA,
1341 2158 1435 2186 non
1472 2142 1667 2192 Minori,
1701 2142 1783 2184 sed
1816 2141 2161 2195 Proconsulari,

131 2222 189 2265 de
223 2236 318 2278 qua
352 2221 458 2264 vide
492 2233 638 2275 supra
670 2232 770 2273 cap.
805 2217 872 2267 II,
906 2217 948 2258 9.
990 2213 1286 2258 probabilius
1321 2212 1646 2268 intelligendae
1680 2218 1793 2255 sunt
1829 2212 1853 2254 5
1886 2226 2162 2268 synagogae,

134 2293 182 2334 in
216 2291 339 2334 duas
374 2289 520 2332 series
554 2288 722 2331 divisae
749 2305 758 2329 ε
784 2285 951 2328 multae
985 2283 1162 2340 quippe
1195 2288 1333 2324 erant
1368 2281 1431 2324 ibi
1466 2295 1722 2338 synagogae
1757 2280 1861 2334 (480
1902 2280 2163 2323 secundum

132 2359 352 2409 Talmud,
394 2357 592 2413 Megilla
632 2356 663 2398 f.
710 2356 779 2405 73,
816 2355 879 2407 4).
925 2352 1270 2395 Animadverte
1310 2350 1599 2393 Hellenistas
1633 2350 1778 2392 fuisse
1814 2349 1894 2406 qui
1927 2355 2164 2392 certamen

136 2431 258 2475 illud
282 2444 514 2485 magnum
539 2427 821 2483 inceperint,
845 2424 950 2468 ideo
977 2422 1192 2466 fortassis
1218 2421 1346 2478 quod
1372 2420 1661 2476 Stephanus,
1684 2427 1731 2463 et
1756 2421 1856 2475 ipse
1883 2419 2166 2471 Hellenista,

134 2501 317 2546 multos
342 2514 366 2543 e
393 2497 708 2555 popularibus
734 2496 834 2538 suis
862 2494 921 2536 ad
948 2492 1197 2535 Christum
1220 2496 1542 2534 converteret.

194 2570 266 2613 10.
293 2568 560 2612 SAPIENTIAE
584 2578 639 2609 ET
664 2575 869 2608 smm'rm
899 2560 1207 2614 (hendiadis),
1233 2558 1478 2615 sapientiae
1505 2557 1715 2612 Spiritus
1741 2557 1906 2606 sancti,
1929 2571 1955 2599 a
1983 2555 2167 2611 Spiritu

136 2645 302 2684 sancto
346 2637 529 2681 infusae.
585 2635 679 2691 QUI
728 2643 1048 2685 LOQUEBATUR,
1095 2644 1167 2684 gr.
1223 2643 1310 2685 quo
1365 2625 1588 2683 (Spiritu)
1643 2626 1926 2684 loquebatur.
1987 2625 2167 2668 Sensus

137 2708 364 2764 Vulgatae
386 2713 460 2749 est
481 2724 489 2748 :
517 2703 726 2761 Spiritui
747 2702 828 2758 qui
853 2701 906 2743 in
931 2714 995 2750 eo,
1020 2702 1257 2754 tamquam
1279 2697 1332 2739 in
1355 2710 1527 2751 oryano
1554 2695 1766 2752 quodam,
1794 2694 2076 2751 loquebatur.

198 2779 268 2821 12.
304 2775 680 2819 CONCURRENTES
713 2791 721 2816 :
757 2786 1006 2819 επισταντες,
1038 2782 1089 2811 ew
1122 2765 1367 2822 improviso
1401 2764 1442 2807 ei
1474 2764 1721 2816 adstantes,
1744 2763 1785 2806 ei
1808 2761 2170 2818 supervenientes

144 2849 218 2901 (ut
244 2859 392 2900 supra
417 2857 518 2899 cap.
543 2842 630 2892 IV,
657 2843 715 2894 1).

201 2915 270 2958 13.
307 2913 477 2956 Loctm
497 2921 726 2960 smormu,
747 2906 1016 2962 Templum,
1040 2916 1094 2946 ET
1115 2914 1289 2951 LEGEM,
1315 2915 1376 2943 sc.
1405 2900 1676 2943 Mosaicam.

200 2987 272 3029 14.
323 2983 432 3035 Hlo,
486 2996 567 3025 seu
621 2981 724 3030 iste,
768 2991 852 3034 per
906 2978 1235 3028 contemptum
1281 2971 1471 3014 dicitur.
1517 2993 1573 2999 —
1617 2969 1758 3012 Jesus
1807 2966 2171 3021 haudquaquam

141 3054 351 3098 asseruit
395 3066 446 3095 se
489 3051 636 3106 impio
687 3061 807 3090 ausu
856 3045 1218 3089 destructurum
1266 3054 1370 3082 esse
1420 3038 1650 3093 templum
1702 3036 2172 3093 Jerosolymitanum‚

119 3125 228 3172 ,sed
262 3121 486 3179 praedixit
516 3118 638 3162 illud
674 3123 868 3173 propter
909 3114 1190 3157 Judaeorum
1224 3109 1424 3153 crimina
1458 3106 1771 3150 evertendum
1805 3105 1903 3147 fore
1934 3104 2175 3157 (videlicet

144 3211 171 3238 a
205 3193 439 3238 Romanis
475 3190 563 3234 sub
595 3189 739 3242 Tito).
771 3186 942 3242 Neque
978 3184 1121 3226 etiam
1156 3183 1257 3237 ipse
1294 3180 1422 3223 venit
1453 3178 1620 3221 solvere
1652 3177 1805 3231 legem
1842 3174 2060 3230 (Moysis)
2094 3181 2177 3216 aut

115 3270 118 3273 ’
149 3265 430 3320 Prophetiam
464 3261 548 3305 sed
582 3258 834 3314 adimplere
866 3266 914 3300 et
947 3254 1202 3310 perficere3
1239 3251 1432 3299 etenim,
1468 3262 1547 3304 per
1587 3247 1924 3290 auctoritatem
1962 3245 2175 3288 divinam

147 3336 349 3390 antiqua
393 3339 635 3388 praecepta
682 3330 731 3371 in
775 3341 898 3371 nova
944 3331 991 3369 et
1036 3323 1230 3366 meliora
1272 3318 1586 3364 commutavit
1623 3336 1632 3360 ε
1676 3317 1734 3360 cf.
1777 3315 1951 3358 Matth.
1999 3314 2060 3364 V,
2106 3314 2174 3358 17.

152 3405 360 3449 Sanctus
384 3402 535 3458 igitur
571 3399 849 3455 Stephanus
882 3402 1009 3439 certe
1042 3408 1135 3437 non
1170 3390 1446 3448 praedicavit
1477 3386 1767 3431 diruendum
1801 3385 1899 3428 fore
1930 3383 2179 3439 Templum

153 3476 439 3531 Legemque*
466 3470 763 3519 abolendam,
797 3483 852 3512 eo
885 3480 1027 3510 sensu
1061 3478 1155 3520 quo
1188 3468 1488 3504 accusatores
1523 3457 1624 3513 ejus
1656 3457 1705 3499 id
1737 3454 2066 3506 affirmabant3
2100 3451 2181 3494 sed

152 3543 335 3588 Christi
375 3541 641 3585 doctrinam
684 3537 952 3594 proposuit,
990 3535 1109 3577 hanc
1144 3532 1372 3574 nimirum
1406 3548 1414 3572 ε
1451 3529 1603 3584 legem
1639 3540 1809 3569 novam
1848 3523 1994 3566 veteri
2036 3522 2180 3564 fuisse

154 3613 489 3663 substitutam,
512 3609 726 3665 adeoque
751 3608 907 3663 legem
932 3603 1132 3660 Moysis,
1158 3602 1207 3644 in
1233 3599 1486 3643 ritualibus
1510 3604 1558 3641 et
1577 3593 1883 3653 judicialibus
1917 3590 2184 3647 praeceptis,
