2430 4030
583 311 866 348 SECUNDUM
907 310 1027 344 rrnn
1066 309 1215 344 PAum
1256 309 1647 344 uvanoumcum.
2029 294 2130 346 173

48 428 51 429 γ
103 446 333 499 verbum
363 442 603 506 Domini,
633 440 904 511 quomodo
932 457 988 491 se
1017 439 1274 491 habeant.
1321 443 1353 480 ²¹<
1393 439 1672 491 Barnabas
1700 446 1883 491 autem
1913 440 2134 493 volebat
2157 448 2211 491 37

103 546 283 581 secum
355 542 634 577 assumere
703 530 759 575 et
830 524 1119 584 Joannem,
1189 522 1283 590 qui
1347 522 1840 590 cognominabatur
1894 523 2133 576 Marcus.

105 616 138 654 ³¹<
167 610 368 662 Paulus
395 615 578 659 autem
606 605 842 674 rogabat
870 623 993 655 eum
1037 604 1119 670 (ut
1161 605 1254 672 qui
1282 604 1631 656 discessisset
1669 605 1737 655 ab
1766 605 1846 656 eis
1877 605 1944 656 de
1975 606 2131 656 Pam·
2159 620 2213 659 38

105 693 310 764 phylia,
339 695 396 741 et
422 707 530 741 non
558 689 696 740 isset
724 705 847 740 cum
895 689 974 739 eis
1011 688 1067 737 in
1097 688 1255 755 opus)
1304 705 1412 738 non
1442 687 1644 739 debere
1671 688 1858 756 recipi.
1903 692 1937 729 *
1967 689 2135 740 Facta
2157 700 2213 740 39

105 783 188 832 est
213 782 396 830 autem
437 775 727 838 dissensio,
763 774 842 825 ita
881 779 942 824 ut
982 773 1336 825 discederent
1374 774 1443 825 ab
1490 775 1742 837 invicem,
1772 780 1827 825 et
1856 774 2135 826 Barnabas

107 859 327 931 quidem
356 862 638 925 assumpto
668 856 857 908 Marco
883 856 1181 923 'navigaret
1221 853 1480 924 Cyprum.
1511 859 1543 896 ²¹<
1576 856 1775 907 Paulus
1803 874 1931 908 vero
1961 858 2135 908 electo
2160 864 2214 903 40

82 932 85 934 ’
108 942 222 996 Sila
248 940 530 1009 profectus
560 944 664 1002 est,
692 937 931 990 traditus
969 938 1163 1006 gratiae
1211 938 1312 988 Dei
1358 956 1388 988 a
1413 937 1695 991 fratribus,
1723 942 1755 979 ²¹<
1786 938 2134 990 Perambula-
2159 946 2211 984 41

106 1025 202 1077 bat
228 1030 411 1076 autem
442 1023 676 1092 Syriam,
706 1028 762 1075 et
793 1022 1058 1085 Ciliciam,
1100 1023 1429 1074 confirmans
1460 1023 1765 1075 Ecclesias:
1807 1024 2135 1093 praecipiens

107 1107 386 1159 custodire
420 1111 697 1174 praecepta
726 1106 1133 1173 Apostolorum,
1162 1109 1216 1155 et
1244 1104 1538 1157 seniorum.

182 1195 214 1230 ³¹<
263 1189 520 1241 Pervenit
561 1193 744 1239 autem
794 1187 1034 1249 Derben,
1089 1192 1158 1256 et*
1198 1187 1469 1255 Lystram.
1530 1188 1601 1238 Et
1654 1205 1779 1239 ecce
1834 1188 2137 1257 discipulus
2191 1201 2214 1238 1

110 1274 329 1344 quidam
357 1280 474 1325 erat
500 1274 578 1325 ibi
605 1274 826 1325 nomine
856 1273 1196 1335 TimotheUS,
1224 1272 1370 1324 filius
1410 1273 1653 1324 mulieris
1693 1273 1903 1326 Judaeae
1940 1274 2137 1339 fidelis,

172 1491 241 1537 37.
268 1491 357 1534 Ille
378 1492 583 1536 Joannes
606 1490 796 1535 Marcus
819 1495 922 1535 erat
947 1498 1108 1546 ανεψιος
1130 1490 1375 1541 Barnabae,
1402 1490 1428 1533 i.
1457 1504 1497 1533 e.
1522 1490 1649 1533 filius
1672 1491 1836 1534 fratris
1858 1496 1942 1535 aut
1965 1493 2142 1538 sororis

113 1561 229 1619 ejus,
269 1567 322 1606 ut
361 1561 580 1604 novimus
622 1574 678 1604 ex
718 1560 816 1605 Col.
841 1560 950 1611 .1V,
993 1562 1060 1604 10.
1105 1560 1262 1604 Facile
1300 1559 1403 1603 fieri
1443 1560 1602 1616 potuit
1647 1568 1699 1602 ut
1741 1560 1985 1604 vinculum
2026 1562 2143 1606 illud

112 1630 548 1686 consanguinitatis
573 1630 840 1674 Barnabam
866 1630 915 1673 in
940 1634 1101 1686 partes
1125 1630 1326 1674 Joannis
1362 1629 1511 1673 Marci
1537 1630 1837 1685 pertraxerit.
1863 1629 2047 1675 Notum
2071 1636 2146 1676 est

113 1700 295 1745 dictum
321 1699 614 1744 nostratium
643 1719 651 1743 :
675 1699 747 1742 het
770 1699 896 1743 blood
923 1699 1051 1743 trekt.

175 1768 244 1812 38.
267 1768 489 1811 ROGABAT
517 1786 526 1811 ι
548 1772 671 1822 ηξιου,
699 1783 878 1826 oequum
903 1767 1106 1812 censebat
1127 1780 1227 1812 EUM
1250 1779 1340 1811 NON
1366 1779 1550 1811 DEBERE
1576 1780 1748 1819 RECIPI,
1781 1781 1844 1812 sc.
1874 1769 1926 1812 in
1958 1769 2166 1821 socium,

115 1839 378 1884 secundum
422 1839 520 1882 vim
564 1837 700 1882 verbi
744 1839 889 1894 graeci
938 1843 1393 1893 συν-παρα-λαμέανειν.
1447 1837 1766 1890 parenthesis,
1814 1852 1956 1894 quam
2002 1838 2147 1882 habet

115 1909 331 1964 Vulgata
356 1907 404 1949 in
431 1907 519 1950 hoc
546 1921 706 1958 versu,
729 1908 902 1951 melius
925 1907 1131 1951 abesset.

177 1976 244 2020 39.
270 1976 514 2019 D1ssmmo
538 1994 546 2018 :
574 1990 665 2018 non
694 1977 886 2033 proprie
908 1976 1146 2033 loquendo
1179 1975 1337 2019 odium
1360 1981 1441 2019 aut
1464 1975 1735 2027 inimicitia,
1769 1976 1853 2020 sed
1884 1981 2145 2031 παροξυσμος,

116 2048 147 2091 i.
182 2061 220 2089 e.
255 2045 487 2090 vehemens
518 2046 610 2097 ira,
644 2046 944 2098 ewaoerbatio,
976 2047 1085 2090 inde
1120 2045 1386 2090 dissidium.
1419 2045 1781 2090 Dissensionem
1814 2047 1960 2097 illam,
1994 2047 2148 2104 qualis

117 2118 244 2161 inter
271 2114 488 2158 homines
522 2116 800 2171 ceteroquin
834 2115 1180 2166 sanctissimos,
1207 2114 1289 2158 sed
1316 2114 1375 2157 ab
1402 2114 1532 2158 omni
1556 2114 1763 2158 humana
1786 2115 2148 2170 imperfectione

118 2198 215 2228 non
240 2185 436 2235 alienos,
460 2197 821 2241 nonnumquam
845 2183 1235 2239 deprehenditur,
1263 2197 1468 2240 quaeque
1492 2191 1652 2228 tamen
1676 2198 1730 2227 ex
1756 2184 1939 2239 optima
1971 2184 2149 2227 utrius-

118 2266 210 2309 que
243 2264 400 2298 mente
434 2261 481 2297 et
513 2253 763 2296 voluntate
799 2260 906 2297 orta
939 2252 1147 2304 videtur,
1183 2253 1311 2296 Deus
1347 2252 1416 2296 ita
1447 2252 1725 2296 moderatus
1761 2260 1850 2304 est,
1884 2258 1938 2296 ut
1970 2253 2151 2297 bonum

119 2322 342 2368 effectum
376 2337 431 2367 ex
465 2338 517 2366 ea
550 2323 758 2374 eliceret,
791 2327 935 2379 atque
971 2323 1291 2378 Evangelium
1333 2323 1477 2365 latius
1520 2328 1819 2379 propagaret.
1862 2323 2021 2375 Porro,
2053 2323 2152 2367 haec

119 2394 388 2437 animorum
412 2393 584 2437 divisio
606 2407 701 2436 non
725 2392 810 2436 diu
835 2392 1163 2447 perseveravit
1190 2410 1198 2434 ι
1222 2406 1331 2434 nam
1361 2391 1553 2443 Paulus,
1577 2392 1771 2449 quando
1794 2392 1977 2449 aliquot
2010 2393 2152 2436 annis

122 2469 286 2518 postea
319 2463 571 2518 epistolam
606 2462 752 2513 illam,
785 2462 967 2519 quaein
995 2461 1166 2505 Bibliis
1200 2468 1273 2505 est
1304 2461 1462 2517 prima
1488 2461 1550 2504 ad
1585 2461 1866 2514 Corinthios,
1902 2462 2153 2514 scribebat,

123 2544 231 2574 cum
259 2531 473 2575 Barnaba
491 2530 592 2587 jam
619 2532 794 2575 iterum
818 2530 1104 2585 conjunctus
1139 2540 1240 2573 erat
1273 2531 1314 2581 (1
1354 2529 1462 2573 Cor.
1495 2530 1585 2581 IX,
1620 2530 1694 2582 6);
1730 2537 1778 2574 et,
1807 2545 1916 2574 cum
1949 2530 2153 2574 Joanne-

123 2601 285 2644 Marco
310 2601 453 2645 etiam
478 2601 756 2644 societatem
786 2599 1049 2650 renovavit,
1075 2599 1203 2656 quod
1228 2599 1450 2643 novimus
1484 2614 1539 2643 ex
1572 2599 1753 2645 Coloss.
1790 2599 1875 2651 IV,
1908 2600 1978 2652 10,
2010 2601 2093 2653 113
2128 2600 2154 2642 2

122 2670 243 2713 Tim.
268 2670 358 2722 IV,
382 2671 452 2714 11.
480 2694 534 2701 -
558 2670 777 2722 CYPRUM,
800 2669 1008 2725 patriam
1035 2683 1187 2712 suam.

180 2740 253 2784 40.
284 2739 469 2783 Pactus
494 2751 752 2783 PROFECTUS
775 2752 854 2782 Es'r
883 2739 972 2782 :2¹¹¹
1006 2738 1095 2782 hoc
1127 2739 1220 2782 iter
1255 2738 1391 2781 Pauli
1425 2753 1510 2794 pro
1544 2738 1788 2782 dilatanda
1819 2739 1910 2781 fide
1942 2738 2154 2782 omnium

125 2809 218 2854 erit
243 2812 542 2866 praecipuum
574 2815 624 2854 et
655 2809 1102 2853 efficientissimum.
1137 2808 1378 2853 TRADITUS
1411 2815 1499 2852 etc.
1536 2827 1545 2852 z
1581 2809 1706 2866 quod
1741 2809 1939 2851 innuere
1964 2808 2157 2852 videtur

126 2879 373 2924 ecclesiam
396 2879 750 2924 Antiochenam
775 2879 824 2922 in
849 2879 1148 2924 dissensione
1170 2879 1253 2923 illa·
1283 2879 1412 2922 Pauli
1439 2885 1599 2935 partes
1623 2879 1886 2934 amplexam
1913 2877 2077 2921 fuisse.

187 2951 258 2993 41.
283 2949 416 3006 Ergo
437 2949 526 2994 hac
550 2950 653 2994 vice
675 2964 770 2993 non
798 2964 882 3006 per
903 2964 1032 2994 mare
1060 2949 1205 3003 (sicut
1231 2950 1279 2993 in
1307 2951 1350 2993 10
1374 2950 1566 3004 itinere)
1595 2947 1796 3005 profecti
1820 2954 1949 2992 sunt.

187 3020 226 3063 1.
249 3018 526 3063 TlMo'anUs
549 3019 876 3063 verisimiliter
898 3025 999 3063 erat
1025 3019 1098 3063 vir
1125 3019 1402 3076 Lystrensis
1427 3020 1598 3075 (neque
1630 3017 1789 3062 obstat
1814 3016 1921 3067 XX,
1945 3018 2007 3068 4).
2035 3016 2158 3059 Cum

130 3093 282 3131 matre
302 3087 363 3130 ad
383 3087 526 3131 fidem
550 3102 812 3132 conversus
846 3103 959 3132 sane
992 3089 1084 3131 fuit
1117 3103 1144 3131 a
1178 3088 1322 3131 Paulo
1358 3089 1406 3131 in
1432 3089 1585 3143 primo
1617 3087 1761 3144 hujus
1793 3086 1967 3130 itinere
2001 3085 2160 3139 (XIV,

130 3155 221 3210 20).
261 3155 420 3201 Natus
463 3163 598 3212 patre
640 3158 832 3202 ethnico
873 3166 919 3201 et
967 3163 1120 3201 matre
1161 3157 1347 3208 Judaea,
1390 3172 1477 3201 neo
1520 3155 2026 3206 ‹Iudaeo-christianus,
2075 3168 2161 3199 nec

131 3225 640 3270 ethnico-christianus
671 3234 774 3271 erat
803 3245 812 3270 ε
844 3235 989 3283 atque
1021 3227 1139 3271 adeo
1171 3241 1328 3271 comes
1374 3227 1502 3270 Pauli
1539 3221 1835 3281 aptissimus.
1867 3223 2052 3268 Notum
2088 3229 2162 3267 est

133 3293 369 3345 omnibus,
394 3293 514 3338 duas
547 3295 774 3350 epistolas
796 3294 856 3338 ab
882 3296 1116 3351 Apostolo
1141 3294 1200 3338 ad
1222 3294 1528 3338 Timotheum
1563 3294 1768 3348 scriptas
1800 3292 1949 3335 fuisse
1981 3297 2162 3347 postca,

133 3375 306 3417 nempe
347 3367 402 3405 ut
441 3362 649 3415 videtur,
698 3365 746 3407 11
792 3365 866 3407 vel
914 3365 967 3407 12
1008 3363 1198 3408 circiter
1242 3364 1383 3406 annis
1430 3368 1539 3418 post
1583 3368 1783 3406 eventus
1831 3360 1910 3404 hic
1957 3374 1985 3403 a
2033 3359 2162 3402 Luca

132 3436 354 3475 narratus
380 3429 509 3488 :jam
533 3447 662 3485 vero,
685 3447 709 3476 e
731 3433 885 3477 literis
918 3433 1012 3477 illis
1048 3434 1280 3489 plurimas
1314 3445 1570 3486 possumus
1606 3444 1776 3474 eruere
1807 3428 2020 3480 notitias,
2053 3442 2159 3484 quae

99 3528 102 3530 -
134 3499 197 3544 ad
219 3498 525 3561 Timotheum
551 3500 750 3559 ejusque
773 3516 883 3546 cum
908 3502 1056 3546 Paulo
1080 3499 1484 3545 necessitudinem
1521 3505 1741 3555 spectant
1765 3517 1774 3542 ε
1792 3496 1983 3554 juvabit
2010 3496 2162 3552 igitur

85 3571 214 3628 ‘aeas
245 3570 324 3615 hic
353 3570 582 3623 conferre,
615 3587 724 3616 cum
757 3572 1148 3616 annotationibus
1183 3578 1230 3615 et
1263 3571 1534 3627 praesertim
1573 3584 1682 3614 cum
1721 3565 2160 3627 introductionibus

2162 1128 2267 1167 XVI
