2430 4030
632 321 930 360 convnsssm
974 320 1246 367 SAMA131AE3
1292 321 1454 356 sffloN
1495 321 1688 358 Maece.
2078 310 2178 361 109

62 457 73 460 ’
131 475 304 528 gnum
335 479 345 510 ε
377 461 410 498 *
437 455 524 508 cui
551 451 936 505 auscultabant
976 469 1166 502 omnes
1205 471 1236 502 a
1278 452 1500 504 minimo
1535 472 1708 535 usque
1748 456 1816 507 ad
1859 457 2178 522 maximum,
2202 471 2257 510 10

133 539 376 592 dicentes
406 560 416 591 z
449 537 554 589 Hic
582 541 666 587 est
694 535 869 587 virtus
902 533 1019 596 Dei,
1051 551 1173 602 quae
1206 542 1434 585 vocatur
1476 555 1693 603 magna.
1728 542 1760 578 >¹<
1794 539 2178 592 Attendebant
2204 556 2253 594 11

132 629 313 676 autem
341 640 463 672 eum
489 642 498 672 :
528 623 753 688 propter
782 617 929 685 quod
958 616 1129 667 multo
1160 623 1405 684 tempore
1435 619 1633 686 magiis
1662 621 1774 671 suis
1807 621 2180 674 dementasset

133 723 243 758 003,
273 709 305 745 >k
336 703 469 755 Cum
497 719 626 754 vero
655 699 1021 751 credidissent
1050 698 1303 767 Philippo
1333 701 1732 767 evangelizanti
1762 703 1829 753 de
1857 721 2029 772 regno
2058 704 2179 768 Dei,
2203 725 2255 764 12

134 788 189 839 in
231 786 449 838 nomine
487 783 621 836 Jesu
663 781 871 834 Christi
911 781 1336 849 baptizabantur
1376 782 1497 844 viri,
1540 801 1602 833 ac
1644 784 1914 836 mulieres.
1957 790 1989 826 ²¹<
2031 787 2180 838 Tunc
2205 807 2256 845 13

137 870 322 923 Simon
363 874 418 919 et
456 867 572 935 ipse
612 864 846 916 credidit
880 885 890 916 ε
922 870 977 914 et
1007 882 1130 915 cum
1161 863 1471 932 baptizatus
1499 871 1662 928 esset,
1692 866 2010 919 adhaerebat
2051 869 2179 919 Phi-

134 951 300 1020 lippo,
346 947 556 1000 Videns
603 947 766 998 etiam
817 946 995 1013 signa,
1052 950 1108 996 et
1162 945 1396 997 virtutes
1450 947 1714 999 maximas
1766 949 1905 1011 fieri,
1951 956 2179 1019 stupens

135 1032 528 1084 admirabatur.

209 1120 241 1156 ²¹<
270 1114 407 1167 Cum
436 1118 617 1165 autem
646 1111 932 1163 audissent
975 1110 1245 1179 Apostoli,
1290 1110 1384 1179 qui
1424 1116 1580 1163 erant
1620 1113 1999 1182 Jerosolymis,
2033 1117 2177 1184 quod
2206 1136 2260 1174 14

136 1198 432 1267 recepisset
486 1196 730 1248 Samaria
784 1194 1011 1246 verbum
1071 1194 1188 1255 Dei,
1245 1195 1510 1245 miserunt
1563 1195 1631 1246 ad
1681 1214 1773 1247 eos
1826 1199 2068 1260 Petrum,
2127 1206 2181 1249 et

136 1280 420 1332 Joannem.
452 1283 484 1320 ³¹<
517 1278 622 1344 Qui
650 1295 771 1329 cum
801 1277 1099 1338 venissent,
1131 1282 1425 1327 oraverunt
1453 1295 1552 1344 pro
1591 1279 1726 1346 ipsis
1770 1285 1829 1329 ut
1871 1282 2182 1349 acciperent
2206 1299 2260 1339 15

71 1430 74 1431 ⁷
138 1363 403 1433 Spiritum
469 1366 718 1413 sanctum
776 1381 788 1410 .·
848 1364 879 1399 *
935 1358 1178 1410 nondum
1243 1360 1388 1410 enim
1453 1360 1509 1410 in
1574 1378 1902 1430 quemquam
1963 1363 2180 1414 illorum
2208 1382 2260 1421 16

136 1457 375 1507 venerat,
424 1444 521 1496 sed
565 1443 833 1512 baptizati
887 1447 1102 1493 tantum
1159 1449 1314 1493 erant
1367 1443 1422 1493 in
1480 1444 1698 1495 nomine
1757 1445 1978 1496 Domini
2029 1445 2180 1498 Jesu.

196 1647 265 1692 11.
292 1647 508 1691 PROPTER
539 1658 663 1700 Quoi)
695 1658 862 1689 MAGns
895 1657 994 1689 suls
1026 1657 1358 1689 DEMENTAssnT
1390 1657 1486 1696 Eos,
1510 1646 1539 1688 i.
1566 1660 1605 1688 e.
1634 1659 1762 1689 sanae
1796 1647 1972 1691 mentis
2006 1647 2187 1692 lumine

140 1717 288 1761 veluti
320 1717 572 1774 privasset.
609 1715 872 1759 Occasione
904 1714 1107 1769 hujusce
1150 1714 1361 1758 Simonis
1406 1715 1533 1770 magi
1569 1715 1732 1771 paucis
1767 1715 2020 1759 tractanda
2053 1716 2187 1761 venit

138 1786 343 1844 quaestio
380 1786 620 1844 generalis
660 1785 718 1828 de
760 1784 919 1840 magia
960 1784 1211 1835 diabolica,
1251 1784 1300 1826 in
1343 1789 1581 1840 quantum
1615 1784 1718 1828 haec
1751 1783 1809 1828 ad
1845 1784 2113 1841 Scripturae
2148 1801 2185 1829 s.

138 1856 508 1912 intelligentiam
533 1860 736 1910 spectat.
762 1853 886 1898 Vide
919 1852 979 1896 ad
1013 1853 1159 1896 finem
1192 1852 1394 1910 hujusce
1427 1853 1762 1896 commentarii
1789 1853 2182 1899 dissertationem

138 1933 375 1983 quartam.

199 1997 265 2039 13.
295 1995 450 2039 Smon
473 2007 528 2037 ET
552 2007 652 2037 IPSE
680 2005 918 2038 CREDIDrr.
955 1992 1027 2035 Ex
1049 1992 1190 2036 Lucae
1209 1992 1486 2036 narratione
1508 2007 1603 2036 non
1626 1992 1822 2036 omnino
1842 1994 1992 2050 liquet
2020 2001 2184 2038 utrum

139 2064 236 2110 vere
257 2079 318 2109 an
336 2065 442 2121 ficte
463 2063 747 2117 crediderit3
777 2063 894 2107 satis
921 2069 1082 2106 tamen
1107 2061 1340 2111 innuitur,
1367 2077 1408 2104 v.
1441 2063 1508 2112 18,
1534 2062 1693 2118 ipsum
1720 2077 1818 2106 non
1841 2063 2027 2107 sincero
2045 2065 2187 2108 corde

139 2135 199 2180 ad
226 2136 380 2179 Deum
406 2135 555 2178 fuisse
586 2148 886 2184 conversum,
911 2133 1037 2190 quod
1065 2139 1112 2175 et
1139 2132 1335 2188 plurimi
1361 2147 1384 2175 e
1415 2148 1451 2175 s.
1483 2133 1707 2176 Patribus
1732 2139 1932 2177 censent
1961 2153 1969 2177 ε
2001 2135 2184 2178 Deside-

141 2205 266 2250 ravit
285 2206 372 2259 (ait
397 2221 434 2249 s,
457 2207 602 2261 Aug„
624 2205 674 2248 in
698 2204 775 2248 Ps.
802 2203 873 2255 30)
909 2218 1004 2247 ‘non
1033 2203 1254 2259 qratiam,
1280 2204 1357 2246 sed
1385 2202 1665 2259 potentiam;
1689 2218 1783 2247 non
1814 2204 1936 2247 ‘cande
1971 2204 2186 2248 liberare-

142 2280 233 2328 tur,
257 2277 335 2320 sed
357 2276 477 2320 unde
500 2276 805 2320 ewtolleretur.
830 2275 1039 2331 Ideoque
1063 2274 1182 2318 fides
1208 2273 1326 2330 ejus,
1348 2274 1407 2317 ad
1434 2288 1695 2326 summum,
1715 2283 1816 2319 erat
1842 2280 2033 2320 tantum
2056 2275 2187 2319 intel-

142 2345 367 2397 lectualis,
386 2361 483 2390 non
505 2345 564 2390 ad
593 2360 732 2389 usum
762 2350 810 2388 et
832 2354 993 2388 actum
1020 2343 1226 2387 deducta
1253 2343 1475 2400 (galhfoi
1493 2345 1746 2402 pratique),
1772 2359 1927 2401 neque
1953 2345 2188 2389 charitate

142 2429 256 2472 erga
279 2416 433 2459 Deum
456 2416 734 2466 informata3
761 2413 878 2458 fides
903 2414 1074 2457 similis
1109 2414 1177 2457 illi
1211 2413 1269 2457 de
1301 2428 1396 2470 qua
1428 2414 1645 2470 loquitur
1679 2429 1715 2457 s.
1752 2414 1851 2458 Jac.
1879 2414 1945 2466 ΙΙ,
1972 2415 2025 2458 19
2049 2434 2057 2459 ε
2086 2417 2188 2460 Doe-

143 2499 295 2530 mones
320 2486 510 2529 credunt
530 2489 570 2529 et
595 2484 963 2529 contremiscunt.

204 2557 273 2599 14.
296 2556 593 2600 MISERUNT...
620 2556 837 2606 PETRUM,
860 2570 954 2598 non
977 2554 1266 2611 imperando,
1295 2554 1431 2610 quasi
1462 2554 1631 2597 Petrus
1659 2554 1856 2598 inferior
1881 2555 2078 2608 fuisset5
2104 2557 2187 2600 sed

144 2625 395 2677 suadendo,
417 2625 706 2682 impellendo,
732 2626 858 2668 sicut
882 2625 1203 2669 communitas
1237 2625 1397 2681 aliqua
1430 2625 1729 2679 superiorem
1766 2639 1908 2668 suum
1933 2626 2100 2678 mittit,
2128 2627 2187 2670 ad

147 2708 246 2738 rem
280 2693 474 2751 majoris
507 2695 739 2737 momenti
771 2693 1113 2751 peragendam,
1147 2708 1290 2751 quam
1325 2694 1403 2736 ille
1438 2693 1570 2737 solus
1605 2693 1697 2737 rite
1731 2694 1956 2750 perficere
1988 2696 2185 2750 poterit.

149 2765 450 2809 Conveniens
483 2766 577 2810 fuit
609 2773 662 2810 ut
699 2767 888 2818 Petrus,
922 2774 1171 2825 tamquam
1204 2767 1534 2822 apostolorum
1568 2766 1810 2823 princepS,
1840 2766 2185 2819 Samaritanos,

144 2835 548 2892 quemadmodum
575 2843 739 2892 postea
764 2837 1004 2889 ethnicos,
1025 2837 1084 2880 ad
1109 2837 1374 2881 Ecclesiam
1401 2837 1587 2893 primus
1612 2843 1876 2893 cooptaret.

203 2905 272 2948 16.
297 2904 513 2949 Nonum
543 2918 592 2949 m
626 2918 866 2959 QUEMDAM
898 2919 1106 2950 ILLORUM
1141 2905 1386 2960 (snmus
1419 2908 1636 2959 SANCTUS)
1670 2918 1886 2949 VENERAT
1908 2925 1921 2949 .·
1947 2925 1993 2958 ην
2017 2925 2186 2949 επιπεπ-

144 2993 280 3029 τωκος,
308 2979 406 3018 erat
427 2976 644 3032 illapsus,
680 2982 796 3031 puta
830 2991 914 3033 per
947 2976 1142 3032 signum
1178 2975 1308 3033 quod
1334 2976 1424 3019 sub
1452 2976 1604 3019 oculis
1628 2976 1841 3034 cadebat.
1870 2975 1972 3019 Hoc
1994 2976 2188 3020 nonnisi

147 3044 198 3088 in
222 3044 531 3090 Sacramento
557 3045 949 3090 Confirmationis
975 3045 1256 3101 contingere
1281 3045 1489 3089 solebat:
1519 3045 1672 3099 igitur
1696 3045 1838 3101 plane
1861 3046 2186 3089 extraordina-

94 3155 98 3158 .
149 3117 272 3160 rium
298 3117 390 3161 fuit
417 3117 543 3174 quod
569 3117 750 3175 legitur
772 3131 875 3175 cap.
908 3118 970 3170 X,
1006 3119 1063 3160 44
1097 3117 1155 3161 de
1192 3116 1381 3173 Spiritu
1418 3125 1584 3162 sancto
1609 3117 1658 3159 in
1684 3117 1962 3161 Cornelium
1986 3117 2189 3175 ejusque

147 3185 372 3230 familiam
406 3187 730 3232 descendente
763 3193 875 3233 ante
910 3185 1238 3244 Baptismum;
1264 3194 1411 3245 atque
1444 3187 1494 3230 in
1530 3187 1658 3231 hunc
1691 3187 1835 3231 finem
1860 3184 2116 3243 specialem
2140 3190 2188 3233 id

151 3261 266 3300 tunc
285 3256 464 3300 factum
487 3264 576 3310 est,
599 3264 655 3302 ut
679 3273 844 3302 omnes
868 3262 1139 3310 noscerent,
1158 3259 1366 3314 gentiles
1386 3272 1520 3314 aeque
1541 3272 1593 3300 ac
1612 3257 1810 3302 Judaeos
1834 3257 1893 3301 ad
1917 3258 2058 3301 fidem
2084 3273 2188 3302 esse

146 3329 355 3368 vocatos.
406 3325 504 3369 San
534 3339 775 3371 BAPnzATI
806 3339 995 3370 TANTUM
1027 3339 1179 3370 ERANT
1212 3339 1260 3370 IN
1294 3339 1477 3370 NOMINE
1512 3325 1696 3370 Domui
1727 3326 1873 3371 JESU:
1900 3345 1953 3370 εις
1987 3346 2033 3371 το
2064 3333 2189 3380 ὄνομα

151 3393 282 3444 (nota
304 3396 669 3450 accusativum),
690 3396 743 3440 in
763 3411 927 3440 nomen
953 3397 1148 3440 Domini
1169 3396 1296 3448 Jesu,
1322 3396 1383 3439 ad
1407 3410 1572 3440 nomen
1594 3397 1691 3454 ejus
1722 3397 2055 3455 profitendum;
2081 3397 2187 3440 aliis

151 3461 327 3513 verbis,
351 3465 402 3505 ut
427 3466 664 3522 tamquam
683 3464 962 3509 christianos
984 3480 1029 3508 se
1053 3469 1272 3521 yererent.
1296 3465 1475 3509 Eodem
1500 3480 1646 3509 sensu
1673 3484 1725 3510 εις
1746 3466 2003 3510 adhibetur
2025 3467 2046 3509 1
2077 3466 2185 3509 Cor.

150 3529 190 3583 Ι,
216 3531 287 3582 13,
311 3531 391 3576 ubi
415 3533 679 3588 Apostolus
706 3541 851 3591 negat
876 3534 1154 3579 Corinthios
1179 3534 1447 3590 baptizatos
1469 3535 1620 3579 fuisse
1654 3537 1706 3580 in
1737 3537 1924 3580 nomine
1947 3534 2109 3586 Pauli,
2135 3551 2187 3577 εις

119 3655 122 3659 .
149 3617 196 3643 το
226 3604 350 3654 ὄνομα
379 3606 556 3656 Παυλου,
587 3605 640 3646 ut
670 3603 906 3648 Pauliani
938 3606 1096 3654 essent,
1129 3607 1179 3646 ul
1212 3606 1449 3661 tamquam
1482 3605 1746 3650 Paulianos
1778 3619 1822 3649 se
1853 3607 2072 3662 yererent.
2114 3603 2184 3646 Ex

45 3901 78 3923 9,,
139 3906 149 3910 r
243 3892 247 3894 ’

129 3964 205 3988 fik-
302 3994 309 3997 -
