<?xml version="1.0" encoding="UTF-8"?>
<!DOCTYPE html PUBLIC "-//W3C//DTD XHTML 1.0 Transitional//EN"
    "http://www.w3.org/TR/xhtml1/DTD/xhtml1-transitional.dtd">
<html xmlns="http://www.w3.org/1999/xhtml" xml:lang="en" lang="en">
 <head>
  <title>
</title>
<meta http-equiv="Content-Type" content="text/html;charset=utf-8" />
  <meta name='ocr-system' content='tesseract 3.04.00' />
  <meta name='ocr-capabilities' content='ocr_page ocr_carea ocr_par ocr_line ocrx_word'/>
</head>
<body>
  <div class='ocr_page' id='page_1' title='image "actusapostolorum00steeuoft_0099.png"; bbox 0 0 2430 4030; ppageno 0'>
   <div class='ocr_carea' id='block_1_1' title="bbox 0 0 2430 258">
    <p class='ocr_par' dir='ltr' id='par_1_1' title="bbox 0 0 2430 258">
     <span class='ocr_line' id='line_1_1' title="bbox 0 0 2430 258; baseline 0 3772"><span class='ocrx_word' id='word_1_1' title='bbox 0 0 2430 258; x_wconf 95' lang='lat' dir='ltr'> </span> 
     </span>
    </p>
   </div>
   <div class='ocr_carea' id='block_1_2' title="bbox 635 349 2131 449">
    <p class='ocr_par' dir='ltr' id='par_1_2' title="bbox 635 349 2131 449">
     <span class='ocr_line' id='line_1_2' title="bbox 635 349 2131 400; baseline 0.01 -15"><span class='ocrx_word' id='word_1_2' title='bbox 635 351 822 388; x_wconf 79' lang='lat' dir='ltr'><strong>ORATIO</strong></span> <span class='ocrx_word' id='word_1_3' title='bbox 863 353 905 389; x_wconf 85' lang='lat' dir='ltr'>S.</span> <span class='ocrx_word' id='word_1_4' title='bbox 951 353 1209 390; x_wconf 80' lang='lat' dir='ltr'>STEPHANI</span> <span class='ocrx_word' id='word_1_5' title='bbox 1246 355 1616 395; x_wconf 71' lang='lat' dir='ltr'>APOLOGE&#39;I&#39;IOA.</span> <span class='ocrx_word' id='word_1_6' title='bbox 2065 349 2131 400; x_wconf 80' lang='lat'>93</span> 
     </span>
     <span class='ocr_line' id='line_1_3' title="bbox 743 423 2127 449; baseline 0.01 -13"><span class='ocrx_word' id='word_1_7' title='bbox 743 423 2127 449; x_wconf 48' lang='grc' dir='ltr'>Ἣ</span> 
     </span>
    </p>
   </div>
   <div class='ocr_carea' id='block_1_3' title="bbox 0 456 2188 968">
    <p class='ocr_par' dir='ltr' id='par_1_3' title="bbox 0 456 2188 968">
     <span class='ocr_line' id='line_1_4' title="bbox 0 456 2182 565; baseline 0.007 -34"><span class='ocrx_word' id='word_1_8' title='bbox 0 456 66 565; x_wconf 54' lang='grc' dir='ltr'><strong>ἕ</strong></span> <span class='ocrx_word' id='word_1_9' title='bbox 107 485 141 523; x_wconf 84' lang='grc'><em>*</em></span> <span class='ocrx_word' id='word_1_10' title='bbox 180 481 286 548; x_wconf 82' lang='lat' dir='ltr'>Qui</span> <span class='ocrx_word' id='word_1_11' title='bbox 311 482 388 533; x_wconf 85' lang='lat' dir='ltr'>ait</span> <span class='ocrx_word' id='word_1_12' title='bbox 418 503 429 534; x_wconf 90' lang='lat'>:</span> <span class='ocrx_word' id='word_1_13' title='bbox 463 481 584 533; x_wconf 89' lang='lat' dir='ltr'>Viri</span> <span class='ocrx_word' id='word_1_14' title='bbox 623 482 836 547; x_wconf 88' lang='lat' dir='ltr'>fratres,</span> <span class='ocrx_word' id='word_1_15' title='bbox 877 491 931 535; x_wconf 92' lang='lat' dir='ltr'>et</span> <span class='ocrx_word' id='word_1_16' title='bbox 971 493 1172 554; x_wconf 87' lang='lat' dir='ltr'>patres,</span> <span class='ocrx_word' id='word_1_17' title='bbox 1212 487 1395 540; x_wconf 86' lang='lat' dir='ltr'>audite</span> <span class='ocrx_word' id='word_1_18' title='bbox 1426 509 1437 540; x_wconf 74' lang='grc' dir='ltr'><strong>ε</strong></span> <span class='ocrx_word' id='word_1_19' title='bbox 1471 490 1617 542; x_wconf 79' lang='lat' dir='ltr'>Deus</span> <span class='ocrx_word' id='word_1_20' title='bbox 1656 491 1846 560; x_wconf 88' lang='lat' dir='ltr'>gloriae</span> <span class='ocrx_word' id='word_1_21' title='bbox 1884 495 2182 563; x_wconf 83' lang='lat' dir='ltr'>apparuit2</span> 
     </span>
     <span class='ocr_line' id='line_1_5' title="bbox 22 561 2135 647; baseline 0.004 -28"><span class='ocrx_word' id='word_1_22' title='bbox 22 561 60 619; x_wconf 76' lang='lat'>³:</span> <span class='ocrx_word' id='word_1_23' title='bbox 104 568 251 638; x_wconf 87' lang='lat' dir='ltr'>patri</span> <span class='ocrx_word' id='word_1_24' title='bbox 310 573 502 620; x_wconf 90' lang='lat' dir='ltr'>nostro</span> <span class='ocrx_word' id='word_1_25' title='bbox 557 567 816 633; x_wconf 74' lang='lat' dir='ltr'>Abrahae,</span> <span class='ocrx_word' id='word_1_26' title='bbox 872 588 995 621; x_wconf 91' lang='lat' dir='ltr'>cum</span> <span class='ocrx_word' id='word_1_27' title='bbox 1048 577 1193 623; x_wconf 87' lang='lat' dir='ltr'>esset</span> <span class='ocrx_word' id='word_1_28' title='bbox 1242 574 1298 624; x_wconf 93' lang='lat' dir='ltr'>in</span> <span class='ocrx_word' id='word_1_29' title='bbox 1354 573 1764 644; x_wconf 81' lang='lat' dir='ltr'>Mesopotamia,</span> <span class='ocrx_word' id='word_1_30' title='bbox 1822 579 2135 647; x_wconf 80' lang='lat' dir='ltr'>priusquam</span> 
     </span>
     <span class='ocr_line' id='line_1_6' title="bbox 42 649 2184 721; baseline 0.004 -18"><span class='ocrx_word' id='word_1_31' title='bbox 42 686 49 714; x_wconf 84' lang='lat'>·.</span> <span class='ocrx_word' id='word_1_32' title='bbox 104 657 411 704; x_wconf 87' lang='lat' dir='ltr'>moraretur</span> <span class='ocrx_word' id='word_1_33' title='bbox 456 651 511 702; x_wconf 90' lang='lat' dir='ltr'>in</span> <span class='ocrx_word' id='word_1_34' title='bbox 557 649 791 716; x_wconf 77' lang='lat' dir='ltr'>Chai-an,</span> <span class='ocrx_word' id='word_1_35' title='bbox 839 657 872 694; x_wconf 76' lang='lat'>²¹&lt;</span> <span class='ocrx_word' id='word_1_36' title='bbox 918 659 974 705; x_wconf 92' lang='lat' dir='ltr'>et</span> <span class='ocrx_word' id='word_1_37' title='bbox 1020 654 1160 706; x_wconf 83' lang='lat' dir='ltr'>dixit</span> <span class='ocrx_word' id='word_1_38' title='bbox 1208 655 1276 707; x_wconf 88' lang='lat' dir='ltr'>ad</span> <span class='ocrx_word' id='word_1_39' title='bbox 1323 656 1474 707; x_wconf 91' lang='lat' dir='ltr'>illum</span> <span class='ocrx_word' id='word_1_40' title='bbox 1523 679 1533 709; x_wconf 74' lang='grc' dir='ltr'><strong><em>ε</em></strong></span> <span class='ocrx_word' id='word_1_41' title='bbox 1583 658 1688 710; x_wconf 80' lang='lat' dir='ltr'>Exi</span> <span class='ocrx_word' id='word_1_42' title='bbox 1731 659 1796 710; x_wconf 89' lang='lat' dir='ltr'>de</span> <span class='ocrx_word' id='word_1_43' title='bbox 1843 666 1985 712; x_wconf 87' lang='lat' dir='ltr'>terra</span> <span class='ocrx_word' id='word_1_44' title='bbox 2025 665 2184 721; x_wconf 76' lang='lat' dir='ltr'>tua,3</span> 
     </span>
     <span class='ocr_line' id='line_1_7' title="bbox 105 733 2137 806; baseline 0.004 -22"><span class='ocrx_word' id='word_1_45' title='bbox 105 737 163 784; x_wconf 90' lang='lat' dir='ltr'>et</span> <span class='ocrx_word' id='word_1_46' title='bbox 188 733 256 785; x_wconf 90' lang='lat' dir='ltr'>de</span> <span class='ocrx_word' id='word_1_47' title='bbox 283 734 614 801; x_wconf 77' lang='lat' dir='ltr'>cognatione</span> <span class='ocrx_word' id='word_1_48' title='bbox 644 738 755 798; x_wconf 89' lang='lat' dir='ltr'>tua,</span> <span class='ocrx_word' id='word_1_49' title='bbox 800 740 855 785; x_wconf 92' lang='lat' dir='ltr'>et</span> <span class='ocrx_word' id='word_1_50' title='bbox 896 736 1022 786; x_wconf 89' lang='lat' dir='ltr'>veni</span> <span class='ocrx_word' id='word_1_51' title='bbox 1061 737 1115 786; x_wconf 92' lang='lat' dir='ltr'>in</span> <span class='ocrx_word' id='word_1_52' title='bbox 1160 743 1377 801; x_wconf 87' lang='lat' dir='ltr'>terram,</span> <span class='ocrx_word' id='word_1_53' title='bbox 1418 756 1575 806; x_wconf 90' lang='lat' dir='ltr'>quam</span> <span class='ocrx_word' id='word_1_54' title='bbox 1616 745 1990 792; x_wconf 76' lang='lat' dir='ltr'><strong>monstravero</strong></span> <span class='ocrx_word' id='word_1_55' title='bbox 2019 741 2137 793; x_wconf 90' lang='lat' dir='ltr'>tibi.</span> 
     </span>
     <span class='ocr_line' id='line_1_8' title="bbox 106 814 2188 891; baseline 0.004 -25"><span class='ocrx_word' id='word_1_56' title='bbox 106 819 142 891; x_wconf 57' lang='lat' dir='ltr'>{k</span> <span class='ocrx_word' id='word_1_57' title='bbox 183 814 336 867; x_wconf 86' lang='lat' dir='ltr'>Tunc</span> <span class='ocrx_word' id='word_1_58' title='bbox 383 816 519 867; x_wconf 82' lang='lat' dir='ltr'>exiit</span> <span class='ocrx_word' id='word_1_59' title='bbox 566 815 633 867; x_wconf 91' lang='lat' dir='ltr'>de</span> <span class='ocrx_word' id='word_1_60' title='bbox 671 821 818 868; x_wconf 86' lang='lat' dir='ltr'>terra</span> <span class='ocrx_word' id='word_1_61' title='bbox 861 816 1258 882; x_wconf 69' lang='lat' dir='ltr'>Chaldaeorum,</span> <span class='ocrx_word' id='word_1_62' title='bbox 1298 824 1352 871; x_wconf 88' lang='lat' dir='ltr'>et</span> <span class='ocrx_word' id='word_1_63' title='bbox 1394 820 1662 873; x_wconf 86' lang='lat' dir='ltr'>habitavit</span> <span class='ocrx_word' id='word_1_64' title='bbox 1699 822 1754 873; x_wconf 91' lang='lat' dir='ltr'>in</span> <span class='ocrx_word' id='word_1_65' title='bbox 1798 822 2027 874; x_wconf 84' lang='lat' dir='ltr'>Charan.</span> <span class='ocrx_word' id='word_1_66' title='bbox 2067 823 2188 874; x_wconf 62' lang='lat' dir='ltr'>*Et-,4</span> 
     </span>
     <span class='ocr_line' id='line_1_9' title="bbox 107 896 2140 968; baseline 0.004 -20"><span class='ocrx_word' id='word_1_67' title='bbox 107 896 252 959; x_wconf 89' lang='lat' dir='ltr'>inde,</span> <span class='ocrx_word' id='word_1_68' title='bbox 282 903 571 967; x_wconf 74' lang='lat' dir='ltr'>postquam</span> <span class='ocrx_word' id='word_1_69' title='bbox 602 903 847 951; x_wconf 87' lang='lat' dir='ltr'>mortuus</span> <span class='ocrx_word' id='word_1_70' title='bbox 877 904 960 951; x_wconf 87' lang='lat' dir='ltr'>est</span> <span class='ocrx_word' id='word_1_71' title='bbox 988 907 1143 968; x_wconf 88' lang='lat' dir='ltr'>pater</span> <span class='ocrx_word' id='word_1_72' title='bbox 1170 901 1303 968; x_wconf 89' lang='lat' dir='ltr'>ejus,</span> <span class='ocrx_word' id='word_1_73' title='bbox 1334 904 1614 954; x_wconf 89' lang='lat' dir='ltr'>transtulit</span> <span class='ocrx_word' id='word_1_74' title='bbox 1655 904 1804 955; x_wconf 84' lang='lat' dir='ltr'>illum</span> <span class='ocrx_word' id='word_1_75' title='bbox 1844 905 1900 955; x_wconf 90' lang='lat' dir='ltr'>in</span> <span class='ocrx_word' id='word_1_76' title='bbox 1943 900 2140 956; x_wconf 84' lang='lat' dir='ltr'>terram</span> 
     </span>
    </p>
   </div>
   <div class='ocr_carea' id='block_1_4' title="bbox 107 1117 2137 1180">
    <p class='ocr_par' dir='ltr' id='par_1_4' title="bbox 107 1117 2137 1180">
     <span class='ocr_line' id='line_1_10' title="bbox 107 1117 2137 1180; baseline 0.002 -18"><span class='ocrx_word' id='word_1_77' title='bbox 107 1117 212 1163; x_wconf 87' lang='lat' dir='ltr'>fieri</span> <span class='ocrx_word' id='word_1_78' title='bbox 252 1119 397 1164; x_wconf 85' lang='lat' dir='ltr'>etiam</span> <span class='ocrx_word' id='word_1_79' title='bbox 438 1120 598 1176; x_wconf 89' lang='lat' dir='ltr'>potuit</span> <span class='ocrx_word' id='word_1_80' title='bbox 633 1124 685 1164; x_wconf 90' lang='lat' dir='ltr'>ut</span> <span class='ocrx_word' id='word_1_81' title='bbox 720 1119 873 1164; x_wconf 87' lang='lat' dir='ltr'>Lucas</span> <span class='ocrx_word' id='word_1_82' title='bbox 912 1120 1034 1165; x_wconf 89' lang='lat' dir='ltr'>hanc</span> <span class='ocrx_word' id='word_1_83' title='bbox 1067 1120 1333 1165; x_wconf 89' lang='lat' dir='ltr'>orati0nem</span> <span class='ocrx_word' id='word_1_84' title='bbox 1372 1121 1421 1165; x_wconf 90' lang='lat' dir='ltr'>in</span> <span class='ocrx_word' id='word_1_85' title='bbox 1462 1122 1762 1167; x_wconf 89' lang='lat' dir='ltr'>documentis</span> <span class='ocrx_word' id='word_1_86' title='bbox 1802 1123 1902 1168; x_wconf 92' lang='lat' dir='ltr'>suis</span> <span class='ocrx_word' id='word_1_87' title='bbox 1945 1123 2137 1180; x_wconf 88' lang='lat' dir='ltr'>scriptis</span> 
     </span>
    </p>
   </div>
   <div class='ocr_carea' id='block_1_5' title="bbox 43 1185 367 1233">
    <p class='ocr_par' dir='ltr' id='par_1_5' title="bbox 43 1185 367 1233">
     <span class='ocr_line' id='line_1_11' title="bbox 43 1185 367 1233; baseline -0.006 0"><span class='ocrx_word' id='word_1_88' title='bbox 43 1185 54 1216; x_wconf 70' lang='grc'>’-</span> <span class='ocrx_word' id='word_1_89' title='bbox 109 1189 367 1233; x_wconf 88' lang='lat' dir='ltr'>invenerit.</span> 
     </span>
    </p>
   </div>
   <div class='ocr_carea' id='block_1_6' title="bbox 47 1258 2162 2630">
    <p class='ocr_par' dir='ltr' id='par_1_6' title="bbox 167 1258 2142 1312">
     <span class='ocr_line' id='line_1_12' title="bbox 167 1258 2142 1312; baseline 0.001 -11"><span class='ocrx_word' id='word_1_90' title='bbox 167 1258 209 1301; x_wconf 87' lang='grc'>2.</span> <span class='ocrx_word' id='word_1_91' title='bbox 251 1259 530 1311; x_wconf 80' lang='lat' dir='ltr'><strong>PRIUSQUAM</strong></span> <span class='ocrx_word' id='word_1_92' title='bbox 565 1270 853 1302; x_wconf 78' lang='lat' dir='ltr'><strong>MORARETUR</strong></span> <span class='ocrx_word' id='word_1_93' title='bbox 892 1271 941 1302; x_wconf 83' lang='lat' dir='ltr'>IN</span> <span class='ocrx_word' id='word_1_94' title='bbox 982 1258 1199 1303; x_wconf 79' lang='lat' dir='ltr'>CHARAN.</span> <span class='ocrx_word' id='word_1_95' title='bbox 1243 1259 1336 1303; x_wconf 85' lang='lat' dir='ltr'>Sed</span> <span class='ocrx_word' id='word_1_96' title='bbox 1375 1259 1423 1302; x_wconf 88' lang='lat' dir='ltr'>in</span> <span class='ocrx_word' id='word_1_97' title='bbox 1448 1258 1584 1303; x_wconf 84' lang='lat' dir='ltr'>Gen.</span> <span class='ocrx_word' id='word_1_98' title='bbox 1631 1260 1750 1312; x_wconf 87' lang='lat' dir='ltr'>XII,</span> <span class='ocrx_word' id='word_1_99' title='bbox 1789 1260 1879 1311; x_wconf 86' lang='lat'>1-5,</span> <span class='ocrx_word' id='word_1_100' title='bbox 1917 1264 2142 1304; x_wconf 72' lang='lat' dir='ltr'>narratur</span> 
     </span>
    </p>

    <p class='ocr_par' dir='ltr' id='par_1_7' title="bbox 47 1327 2162 2552">
     <span class='ocr_line' id='line_1_13' title="bbox 109 1327 2143 1384; baseline 0.001 -15"><span class='ocrx_word' id='word_1_101' title='bbox 109 1334 404 1383; x_wconf 71' lang='lat' dir='ltr'>praeceptum</span> <span class='ocrx_word' id='word_1_102' title='bbox 437 1327 557 1370; x_wconf 88' lang='lat' dir='ltr'>illud</span> <span class='ocrx_word' id='word_1_103' title='bbox 590 1342 616 1370; x_wconf 90' lang='lat' dir='ltr'>a</span> <span class='ocrx_word' id='word_1_104' title='bbox 651 1327 748 1371; x_wconf 87' lang='lat' dir='ltr'>Deo</span> <span class='ocrx_word' id='word_1_105' title='bbox 781 1328 948 1371; x_wconf 89' lang='lat' dir='ltr'>datum</span> <span class='ocrx_word' id='word_1_106' title='bbox 982 1328 1132 1371; x_wconf 85' lang='lat' dir='ltr'>fuisse</span> <span class='ocrx_word' id='word_1_107' title='bbox 1170 1328 1360 1384; x_wconf 87' lang='lat' dir='ltr'>quando</span> <span class='ocrx_word' id='word_1_108' title='bbox 1396 1328 1634 1371; x_wconf 88' lang='lat' dir='ltr'>Abraham</span> <span class='ocrx_word' id='word_1_109' title='bbox 1660 1329 1763 1384; x_wconf 81' lang='lat' dir='ltr'>jam</span> <span class='ocrx_word' id='word_1_110' title='bbox 1796 1330 2063 1374; x_wconf 77' lang='lat' dir='ltr'>morabatur</span> <span class='ocrx_word' id='word_1_111' title='bbox 2088 1330 2143 1372; x_wconf 74' lang='lat' dir='ltr'>in</span> 
     </span>
     <span class='ocr_line' id='line_1_14' title="bbox 47 1395 2141 1453; baseline -0.001 -11"><span class='ocrx_word' id='word_1_112' title='bbox 47 1408 49 1410; x_wconf 84' lang='grc'><em>“</em></span> <span class='ocrx_word' id='word_1_113' title='bbox 111 1395 319 1442; x_wconf 77' lang='lat' dir='ltr'>Gharcm.</span> <span class='ocrx_word' id='word_1_114' title='bbox 354 1396 484 1441; x_wconf 86' lang='lat' dir='ltr'>Num</span> <span class='ocrx_word' id='word_1_115' title='bbox 509 1410 624 1453; x_wconf 88' lang='lat' dir='ltr'>ergo</span> <span class='ocrx_word' id='word_1_116' title='bbox 647 1402 720 1440; x_wconf 89' lang='lat' dir='ltr'>est</span> <span class='ocrx_word' id='word_1_117' title='bbox 744 1395 1102 1452; x_wconf 73' lang='lat' dir='ltr'>repugnantia?</span> <span class='ocrx_word' id='word_1_118' title='bbox 1137 1421 1192 1427; x_wconf 94' lang='lat'><strong>—</strong></span> <span class='ocrx_word' id='word_1_119' title='bbox 1218 1396 1390 1439; x_wconf 83' lang='lat' dir='ltr'>Absit!</span> <span class='ocrx_word' id='word_1_120' title='bbox 1423 1396 1614 1439; x_wconf 78' lang='lat' dir='ltr'>Etenim</span> <span class='ocrx_word' id='word_1_121' title='bbox 1640 1397 1769 1441; x_wconf 87' lang='lat' dir='ltr'>Deus</span> <span class='ocrx_word' id='word_1_122' title='bbox 1793 1397 1840 1441; x_wconf 89' lang='lat' dir='ltr'>id</span> <span class='ocrx_word' id='word_1_123' title='bbox 1864 1398 1937 1442; x_wconf 91' lang='lat' dir='ltr'>bis</span> <span class='ocrx_word' id='word_1_124' title='bbox 1954 1397 2106 1453; x_wconf 86' lang='lat' dir='ltr'>jussit</span> <span class='ocrx_word' id='word_1_125' title='bbox 2132 1414 2141 1440; x_wconf 73' lang='grc' dir='ltr'><strong><em>ι</em></strong></span> 
     </span>
     <span class='ocr_line' id='line_1_15' title="bbox 111 1465 2142 1523; baseline -0 -14"><span class='ocrx_word' id='word_1_126' title='bbox 111 1467 259 1522; x_wconf 89' lang='lat' dir='ltr'>prius,</span> <span class='ocrx_word' id='word_1_127' title='bbox 283 1466 475 1523; x_wconf 85' lang='lat' dir='ltr'>quando</span> <span class='ocrx_word' id='word_1_128' title='bbox 500 1466 744 1510; x_wconf 87' lang='lat' dir='ltr'>Abraham</span> <span class='ocrx_word' id='word_1_129' title='bbox 769 1466 816 1508; x_wconf 89' lang='lat' dir='ltr'>in</span> <span class='ocrx_word' id='word_1_130' title='bbox 846 1467 909 1511; x_wconf 80' lang='lat' dir='ltr'>Ur</span> <span class='ocrx_word' id='word_1_131' title='bbox 937 1465 1285 1516; x_wconf 76' lang='lat' dir='ltr'>Chaldceoram,</span> <span class='ocrx_word' id='word_1_132' title='bbox 1318 1479 1423 1522; x_wconf 84' lang='lat' dir='ltr'>quae</span> <span class='ocrx_word' id='word_1_133' title='bbox 1456 1465 1573 1509; x_wconf 90' lang='lat' dir='ltr'>urbs</span> <span class='ocrx_word' id='word_1_134' title='bbox 1597 1473 1698 1510; x_wconf 90' lang='lat' dir='ltr'>erat</span> <span class='ocrx_word' id='word_1_135' title='bbox 1722 1467 1770 1509; x_wconf 88' lang='lat' dir='ltr'>in</span> <span class='ocrx_word' id='word_1_136' title='bbox 1794 1466 2142 1523; x_wconf 78' lang='lat' dir='ltr'>Mesopotamia</span> 
     </span>
     <span class='ocr_line' id='line_1_16' title="bbox 111 1534 2146 1592; baseline -0.001 -12"><span class='ocrx_word' id='word_1_137' title='bbox 111 1536 477 1592; x_wconf 86' lang='lat' dir='ltr'>septentrionali</span> <span class='ocrx_word' id='word_1_138' title='bbox 517 1535 618 1589; x_wconf 85' lang='lat' dir='ltr'>(ubi</span> <span class='ocrx_word' id='word_1_139' title='bbox 658 1535 940 1579; x_wconf 83' lang='lat' dir='ltr'>habitabant</span> <span class='ocrx_word' id='word_1_140' title='bbox 973 1535 1222 1587; x_wconf 75' lang='lat' dir='ltr'>Chaldaei),</span> <span class='ocrx_word' id='word_1_141' title='bbox 1249 1534 1443 1591; x_wconf 88' lang='lat' dir='ltr'>jussum</span> <span class='ocrx_word' id='word_1_142' title='bbox 1477 1536 1659 1591; x_wconf 89' lang='lat' dir='ltr'>accepit</span> <span class='ocrx_word' id='word_1_143' title='bbox 1692 1535 1895 1580; x_wconf 88' lang='lat' dir='ltr'>exeundi</span> <span class='ocrx_word' id='word_1_144' title='bbox 1929 1536 1988 1579; x_wconf 88' lang='lat' dir='ltr'>de</span> <span class='ocrx_word' id='word_1_145' title='bbox 2019 1541 2146 1579; x_wconf 82' lang='lat' dir='ltr'>terra</span> 
     </span>
     <span class='ocr_line' id='line_1_17' title="bbox 111 1594 2147 1661; baseline -0.001 -12"><span class='ocrx_word' id='word_1_146' title='bbox 111 1611 160 1650; x_wconf 87' lang='lat' dir='ltr'>et</span> <span class='ocrx_word' id='word_1_147' title='bbox 195 1605 376 1650; x_wconf 83' lang='lat' dir='ltr'>familia</span> <span class='ocrx_word' id='word_1_148' title='bbox 417 1619 503 1648; x_wconf 87' lang='lat' dir='ltr'>sua</span> <span class='ocrx_word' id='word_1_149' title='bbox 543 1610 596 1648; x_wconf 88' lang='lat' dir='ltr'>ut</span> <span class='ocrx_word' id='word_1_150' title='bbox 637 1605 872 1661; x_wconf 81' lang='lat' dir='ltr'>migraret</span> <span class='ocrx_word' id='word_1_151' title='bbox 911 1605 958 1647; x_wconf 89' lang='lat' dir='ltr'>in</span> <span class='ocrx_word' id='word_1_152' title='bbox 1005 1603 1196 1649; x_wconf 70' lang='lat' dir='ltr'>Oharan</span> <span class='ocrx_word' id='word_1_153' title='bbox 1241 1604 1378 1658; x_wconf 86' lang='lat' dir='ltr'>(alias</span> <span class='ocrx_word' id='word_1_154' title='bbox 1417 1604 1626 1659; x_wconf 62' lang='lat' dir='ltr'>Har-an),</span> <span class='ocrx_word' id='word_1_155' title='bbox 1667 1618 1773 1661; x_wconf 84' lang='lat' dir='ltr'>quae</span> <span class='ocrx_word' id='word_1_156' title='bbox 1812 1610 1916 1648; x_wconf 83' lang='lat' dir='ltr'>erat</span> <span class='ocrx_word' id='word_1_157' title='bbox 1957 1604 2049 1648; x_wconf 84' lang='lat' dir='ltr'>sita</span> <span class='ocrx_word' id='word_1_158' title='bbox 2087 1594 2147 1646; x_wconf 88' lang='lat' dir='ltr'>ad</span> 
     </span>
     <span class='ocr_line' id='line_1_18' title="bbox 112 1673 2144 1731; baseline -0.002 -13"><span class='ocrx_word' id='word_1_159' title='bbox 112 1674 406 1718; x_wconf 88' lang='lat' dir='ltr'>occidentem</span> <span class='ocrx_word' id='word_1_160' title='bbox 443 1674 606 1731; x_wconf 88' lang='lat' dir='ltr'>oppidi</span> <span class='ocrx_word' id='word_1_161' title='bbox 652 1674 729 1723; x_wconf 83' lang='lat' dir='ltr'>Ur,</span> <span class='ocrx_word' id='word_1_162' title='bbox 767 1674 979 1730; x_wconf 82' lang='lat' dir='ltr'>adeoque</span> <span class='ocrx_word' id='word_1_163' title='bbox 1019 1674 1218 1730; x_wconf 90' lang='lat' dir='ltr'>propius</span> <span class='ocrx_word' id='word_1_164' title='bbox 1265 1673 1581 1716; x_wconf 81' lang='lat' dir='ltr'>Palaestinam.</span> <span class='ocrx_word' id='word_1_165' title='bbox 1619 1673 1676 1715; x_wconf 89' lang='lat' dir='ltr'>In</span> <span class='ocrx_word' id='word_1_166' title='bbox 1717 1673 1780 1718; x_wconf 75' lang='lat' dir='ltr'>Ur</span> <span class='ocrx_word' id='word_1_167' title='bbox 1812 1679 1972 1718; x_wconf 88' lang='lat' dir='ltr'>autem</span> <span class='ocrx_word' id='word_1_168' title='bbox 2015 1673 2144 1716; x_wconf 90' lang='lat' dir='ltr'>Deus</span> 
     </span>
     <span class='ocr_line' id='line_1_19' title="bbox 112 1740 2146 1798; baseline -0.001 -10"><span class='ocrx_word' id='word_1_169' title='bbox 112 1743 306 1788; x_wconf 86' lang='lat' dir='ltr'>videtur</span> <span class='ocrx_word' id='word_1_170' title='bbox 344 1742 551 1786; x_wconf 76' lang='lat' dir='ltr'>Abrahae</span> <span class='ocrx_word' id='word_1_171' title='bbox 583 1743 879 1798; x_wconf 82' lang='lat' dir='ltr'>apparuisse,</span> <span class='ocrx_word' id='word_1_172' title='bbox 912 1757 1116 1798; x_wconf 89' lang='lat' dir='ltr'>namque</span> <span class='ocrx_word' id='word_1_173' title='bbox 1151 1740 1267 1785; x_wconf 76' lang='lat' dir='ltr'>Gen.</span> <span class='ocrx_word' id='word_1_174' title='bbox 1302 1740 1413 1791; x_wconf 89' lang='lat' dir='ltr'>XV,</span> <span class='ocrx_word' id='word_1_175' title='bbox 1449 1742 1471 1785; x_wconf 90' lang='grc'>7</span> <span class='ocrx_word' id='word_1_176' title='bbox 1504 1760 1514 1784; x_wconf 74' lang='lat'>2</span> <span class='ocrx_word' id='word_1_177' title='bbox 1548 1741 1648 1797; x_wconf 71' lang='lat' dir='ltr'>qu</span> <span class='ocrx_word' id='word_1_178' title='bbox 1689 1742 1930 1794; x_wconf 75' lang='lat' dir='ltr'>Dominus,</span> <span class='ocrx_word' id='word_1_179' title='bbox 1971 1740 2146 1798; x_wconf 90' lang='lat' dir='ltr'>inquit,</span> 
     </span>
     <span class='ocr_line' id='line_1_20' title="bbox 113 1810 2146 1871; baseline -0.002 -14"><span class='ocrx_word' id='word_1_180' title='bbox 113 1813 196 1871; x_wconf 77' lang='lat' dir='ltr'>qui</span> <span class='ocrx_word' id='word_1_181' title='bbox 241 1813 378 1857; x_wconf 71' lang='lat' dir='ltr'>eduxi</span> <span class='ocrx_word' id='word_1_182' title='bbox 426 1816 464 1855; x_wconf 75' lang='lat' dir='ltr'>te</span> <span class='ocrx_word' id='word_1_183' title='bbox 510 1813 563 1856; x_wconf 76' lang='lat' dir='ltr'>cle</span> <span class='ocrx_word' id='word_1_184' title='bbox 612 1813 675 1858; x_wconf 77' lang='lat' dir='ltr'>Ur</span> <span class='ocrx_word' id='word_1_185' title='bbox 721 1811 1058 1857; x_wconf 74' lang='lat' dir='ltr'>Glzaldceorum.</span> <span class='ocrx_word' id='word_1_186' title='bbox 1102 1812 1262 1862; x_wconf 86' lang='lat' dir='ltr'>Porro,</span> <span class='ocrx_word' id='word_1_187' title='bbox 1300 1825 1409 1854; x_wconf 85' lang='lat' dir='ltr'>cum</span> <span class='ocrx_word' id='word_1_188' title='bbox 1449 1811 1691 1854; x_wconf 88' lang='lat' dir='ltr'>Abraham</span> <span class='ocrx_word' id='word_1_189' title='bbox 1732 1811 1830 1867; x_wconf 89' lang='lat' dir='ltr'>jam</span> <span class='ocrx_word' id='word_1_190' title='bbox 1870 1813 1919 1854; x_wconf 91' lang='lat' dir='ltr'>in</span> <span class='ocrx_word' id='word_1_191' title='bbox 1958 1810 2146 1854; x_wconf 84' lang='lat' dir='ltr'>Charan</span> 
     </span>
     <span class='ocr_line' id='line_1_21' title="bbox 115 1877 2144 1938; baseline -0.002 -13"><span class='ocrx_word' id='word_1_192' title='bbox 115 1885 402 1933; x_wconf 87' lang='lat' dir='ltr'>moraretur,</span> <span class='ocrx_word' id='word_1_193' title='bbox 439 1881 615 1925; x_wconf 85' lang='lat' dir='ltr'>iterum</span> <span class='ocrx_word' id='word_1_194' title='bbox 652 1882 880 1938; x_wconf 85' lang='lat' dir='ltr'>apparuit</span> <span class='ocrx_word' id='word_1_195' title='bbox 917 1882 959 1924; x_wconf 92' lang='lat' dir='ltr'>ei</span> <span class='ocrx_word' id='word_1_196' title='bbox 997 1880 1125 1923; x_wconf 90' lang='lat' dir='ltr'>Deus</span> <span class='ocrx_word' id='word_1_197' title='bbox 1164 1886 1212 1924; x_wconf 86' lang='lat' dir='ltr'>et</span> <span class='ocrx_word' id='word_1_198' title='bbox 1247 1880 1367 1923; x_wconf 83' lang='lat' dir='ltr'>dixit</span> <span class='ocrx_word' id='word_1_199' title='bbox 1407 1880 1482 1933; x_wconf 90' lang='lat' dir='ltr'>(ut</span> <span class='ocrx_word' id='word_1_200' title='bbox 1518 1893 1739 1935; x_wconf 84' lang='lat' dir='ltr'>expresse</span> <span class='ocrx_word' id='word_1_201' title='bbox 1778 1879 1982 1924; x_wconf 85' lang='lat' dir='ltr'>habetur</span> <span class='ocrx_word' id='word_1_202' title='bbox 2025 1877 2144 1922; x_wconf 86' lang='lat' dir='ltr'>Gen.</span> 
     </span>
     <span class='ocr_line' id='line_1_22' title="bbox 68 1948 2148 2006; baseline -0.002 -12"><span class='ocrx_word' id='word_1_203' title='bbox 68 1998 74 2002; x_wconf 50' lang='grc'><strong>,</strong></span> <span class='ocrx_word' id='word_1_204' title='bbox 115 1950 234 2002; x_wconf 87' lang='lat' dir='ltr'>XII,</span> <span class='ocrx_word' id='word_1_205' title='bbox 267 1951 360 2004; x_wconf 91' lang='grc'><strong>1-5)</strong></span> <span class='ocrx_word' id='word_1_206' title='bbox 395 1969 404 1994; x_wconf 88' lang='lat'>:</span> <span class='ocrx_word' id='word_1_207' title='bbox 438 1950 665 2006; x_wconf 67' lang='lat' dir='ltr'>Eqredew</span> <span class='ocrx_word' id='word_1_208' title='bbox 698 1951 752 1994; x_wconf 77' lang='lat' dir='ltr'>de</span> <span class='ocrx_word' id='word_1_209' title='bbox 784 1954 906 1995; x_wconf 69' lang='lat' dir='ltr'>{erra</span> <span class='ocrx_word' id='word_1_210' title='bbox 940 1953 1037 2001; x_wconf 74' lang='lat' dir='ltr'>tua,</span> <span class='ocrx_word' id='word_1_211' title='bbox 1070 1954 1109 1993; x_wconf 77' lang='lat' dir='ltr'>et</span> <span class='ocrx_word' id='word_1_212' title='bbox 1141 1949 1194 1994; x_wconf 80' lang='lat' dir='ltr'>de</span> <span class='ocrx_word' id='word_1_213' title='bbox 1226 1949 1491 2006; x_wconf 71' lang='lat' dir='ltr'>coynatione</span> <span class='ocrx_word' id='word_1_214' title='bbox 1527 1952 1609 1992; x_wconf 77' lang='lat' dir='ltr'>tua</span> <span class='ocrx_word' id='word_1_215' title='bbox 1647 1957 1734 1992; x_wconf 86' lang='lat' dir='ltr'>etc.</span> <span class='ocrx_word' id='word_1_216' title='bbox 1775 1948 1921 2005; x_wconf 84' lang='lat' dir='ltr'>Ergo,</span> <span class='ocrx_word' id='word_1_217' title='bbox 1960 1950 2148 2003; x_wconf 86' lang='lat' dir='ltr'>oportet</span> 
     </span>
     <span class='ocr_line' id='line_1_23' title="bbox 116 2014 2150 2074; baseline -0.002 -11"><span class='ocrx_word' id='word_1_218' title='bbox 116 2020 376 2063; x_wconf 82' lang='lat' dir='ltr'>admittere</span> <span class='ocrx_word' id='word_1_219' title='bbox 412 2021 648 2063; x_wconf 82' lang='lat' dir='ltr'>visionem</span> <span class='ocrx_word' id='word_1_220' title='bbox 686 2020 774 2063; x_wconf 91' lang='lat' dir='ltr'>Dei</span> <span class='ocrx_word' id='word_1_221' title='bbox 815 2019 1090 2063; x_wconf 88' lang='lat' dir='ltr'>Abrahamo</span> <span class='ocrx_word' id='word_1_222' title='bbox 1127 2020 1201 2063; x_wconf 92' lang='lat' dir='ltr'>bis</span> <span class='ocrx_word' id='word_1_223' title='bbox 1243 2032 1517 2063; x_wconf 84' lang='lat' dir='ltr'>concessam</span> <span class='ocrx_word' id='word_1_224' title='bbox 1554 2017 1717 2069; x_wconf 86' lang='lat' dir='ltr'>fuisse,</span> <span class='ocrx_word' id='word_1_225' title='bbox 1751 2017 1969 2074; x_wconf 86' lang='lat' dir='ltr'>quamvis</span> <span class='ocrx_word' id='word_1_226' title='bbox 2002 2014 2150 2060; x_wconf 85' lang='lat' dir='ltr'>semel</span> 
     </span>
     <span class='ocr_line' id='line_1_24' title="bbox 119 2088 1208 2145; baseline -0.004 -11"><span class='ocrx_word' id='word_1_227' title='bbox 119 2095 309 2134; x_wconf 82' lang='lat' dir='ltr'>tantum</span> <span class='ocrx_word' id='word_1_228' title='bbox 338 2088 386 2133; x_wconf 89' lang='lat' dir='ltr'>id</span> <span class='ocrx_word' id='word_1_229' title='bbox 410 2088 592 2134; x_wconf 84' lang='lat' dir='ltr'>diserte</span> <span class='ocrx_word' id='word_1_230' title='bbox 615 2094 840 2133; x_wconf 85' lang='lat' dir='ltr'>narretur</span> <span class='ocrx_word' id='word_1_231' title='bbox 864 2089 913 2132; x_wconf 88' lang='lat' dir='ltr'>in</span> <span class='ocrx_word' id='word_1_232' title='bbox 941 2088 1208 2145; x_wconf 86' lang='lat' dir='ltr'>Scriptura.</span> 
     </span>
     <span class='ocr_line' id='line_1_25' title="bbox 108 2152 2148 2213; baseline -0.001 -13"><span class='ocrx_word' id='word_1_233' title='bbox 108 2192 116 2200; x_wconf 91' lang='lat'>.</span> <span class='ocrx_word' id='word_1_234' title='bbox 178 2157 218 2200; x_wconf 83' lang='lat'>3.</span> <span class='ocrx_word' id='word_1_235' title='bbox 246 2157 338 2201; x_wconf 69' lang='lat' dir='ltr'>Em</span> <span class='ocrx_word' id='word_1_236' title='bbox 359 2163 447 2202; x_wconf 84' lang='lat' dir='ltr'>etc.</span> <span class='ocrx_word' id='word_1_237' title='bbox 474 2157 591 2202; x_wconf 86' lang='lat' dir='ltr'>Haec</span> <span class='ocrx_word' id='word_1_238' title='bbox 612 2157 756 2202; x_wconf 83' lang='lat' dir='ltr'>verba</span> <span class='ocrx_word' id='word_1_239' title='bbox 779 2157 1008 2213; x_wconf 75' lang='lat' dir='ltr'>leguntur</span> <span class='ocrx_word' id='word_1_240' title='bbox 1041 2156 1157 2200; x_wconf 88' lang='lat' dir='ltr'>Gen.</span> <span class='ocrx_word' id='word_1_241' title='bbox 1179 2156 1298 2208; x_wconf 85' lang='lat' dir='ltr'><strong>XII,</strong></span> <span class='ocrx_word' id='word_1_242' title='bbox 1326 2158 1347 2200; x_wconf 89' lang='lat' dir='ltr'>l</span> <span class='ocrx_word' id='word_1_243' title='bbox 1377 2156 1472 2207; x_wconf 77' lang='lat' dir='ltr'>(hic</span> <span class='ocrx_word' id='word_1_244' title='bbox 1497 2155 1762 2199; x_wconf 88' lang='lat' dir='ltr'>recitantur</span> <span class='ocrx_word' id='word_1_245' title='bbox 1789 2153 2050 2198; x_wconf 88' lang='lat' dir='ltr'>secundum</span> <span class='ocrx_word' id='word_1_246' title='bbox 2075 2152 2148 2204; x_wconf 88' lang='grc'>70,</span> 
     </span>
     <span class='ocr_line' id='line_1_26' title="bbox 117 2223 2148 2285; baseline -0.003 -14"><span class='ocrx_word' id='word_1_247' title='bbox 117 2241 227 2271; x_wconf 90' lang='lat' dir='ltr'>cum</span> <span class='ocrx_word' id='word_1_248' title='bbox 277 2228 478 2284; x_wconf 87' lang='lat' dir='ltr'>parvula</span> <span class='ocrx_word' id='word_1_249' title='bbox 524 2227 729 2285; x_wconf 88' lang='lat' dir='ltr'>quadam</span> <span class='ocrx_word' id='word_1_250' title='bbox 773 2227 1072 2278; x_wconf 85' lang='lat' dir='ltr'>differentia;</span> <span class='ocrx_word' id='word_1_251' title='bbox 1137 2241 1251 2283; x_wconf 80' lang='lat' dir='ltr'>ergo</span> <span class='ocrx_word' id='word_1_252' title='bbox 1295 2226 1443 2270; x_wconf 88' lang='lat' dir='ltr'>libere</span> <span class='ocrx_word' id='word_1_253' title='bbox 1496 2239 1580 2268; x_wconf 90' lang='lat' dir='ltr'>seu</span> <span class='ocrx_word' id='word_1_254' title='bbox 1627 2223 1902 2268; x_wconf 88' lang='lat' dir='ltr'>memoriter</span> <span class='ocrx_word' id='word_1_255' title='bbox 1952 2223 2148 2266; x_wconf 89' lang='lat' dir='ltr'>fuerunt</span> 
     </span>
     <span class='ocr_line' id='line_1_27' title="bbox 116 2290 2150 2351; baseline -0.003 -10"><span class='ocrx_word' id='word_1_256' title='bbox 116 2296 356 2351; x_wconf 85' lang='lat' dir='ltr'>adducta),</span> <span class='ocrx_word' id='word_1_257' title='bbox 403 2302 451 2341; x_wconf 91' lang='lat' dir='ltr'>et</span> <span class='ocrx_word' id='word_1_258' title='bbox 491 2297 558 2340; x_wconf 91' lang='lat' dir='ltr'>ibi</span> <span class='ocrx_word' id='word_1_259' title='bbox 602 2297 877 2342; x_wconf 87' lang='lat' dir='ltr'>referuntur</span> <span class='ocrx_word' id='word_1_260' title='bbox 915 2297 975 2340; x_wconf 88' lang='lat' dir='ltr'>ad</span> <span class='ocrx_word' id='word_1_261' title='bbox 1011 2297 1191 2340; x_wconf 84' lang='lat' dir='ltr'>exitum</span> <span class='ocrx_word' id='word_1_262' title='bbox 1236 2295 1443 2339; x_wconf 86' lang='lat' dir='ltr'>Abrahae</span> <span class='ocrx_word' id='word_1_263' title='bbox 1485 2294 1542 2338; x_wconf 90' lang='lat' dir='ltr'>de</span> <span class='ocrx_word' id='word_1_264' title='bbox 1590 2293 1781 2339; x_wconf 72' lang='lat' dir='ltr'>Oharan</span> <span class='ocrx_word' id='word_1_265' title='bbox 1827 2311 1840 2335; x_wconf 89' lang='lat'><em>:</em></span> <span class='ocrx_word' id='word_1_266' title='bbox 1889 2292 1972 2336; x_wconf 91' lang='lat' dir='ltr'>sed</span> <span class='ocrx_word' id='word_1_267' title='bbox 2015 2290 2150 2335; x_wconf 85' lang='lat' dir='ltr'>facile</span> 
     </span>
     <span class='ocr_line' id='line_1_28' title="bbox 117 2360 2162 2424; baseline -0.002 -13"><span class='ocrx_word' id='word_1_268' title='bbox 117 2381 376 2424; x_wconf 87' lang='lat' dir='ltr'>possumus</span> <span class='ocrx_word' id='word_1_269' title='bbox 421 2366 680 2411; x_wconf 88' lang='lat' dir='ltr'>admittere</span> <span class='ocrx_word' id='word_1_270' title='bbox 725 2367 888 2410; x_wconf 87' lang='lat' dir='ltr'>eadem</span> <span class='ocrx_word' id='word_1_271' title='bbox 932 2365 1008 2410; x_wconf 87' lang='lat' dir='ltr'>vel</span> <span class='ocrx_word' id='word_1_272' title='bbox 1052 2365 1226 2409; x_wconf 85' lang='lat' dir='ltr'>similia</span> <span class='ocrx_word' id='word_1_273' title='bbox 1264 2364 1362 2421; x_wconf 87' lang='lat' dir='ltr'>jam</span> <span class='ocrx_word' id='word_1_274' title='bbox 1407 2364 1536 2407; x_wconf 86' lang='lat' dir='ltr'>dicta</span> <span class='ocrx_word' id='word_1_275' title='bbox 1577 2363 1741 2414; x_wconf 86' lang='lat' dir='ltr'>fuisse,</span> <span class='ocrx_word' id='word_1_276' title='bbox 1787 2360 1978 2418; x_wconf 88' lang='lat' dir='ltr'>quando</span> <span class='ocrx_word' id='word_1_277' title='bbox 2020 2360 2162 2407; x_wconf 76' lang='lat' dir='ltr'>Deus,</span> 
     </span>
     <span class='ocr_line' id='line_1_29' title="bbox 116 2428 2149 2493; baseline -0.004 -14"><span class='ocrx_word' id='word_1_278' title='bbox 116 2436 331 2493; x_wconf 89' lang='lat' dir='ltr'>primum</span> <span class='ocrx_word' id='word_1_279' title='bbox 363 2435 605 2491; x_wconf 89' lang='lat' dir='ltr'>apparuit,</span> <span class='ocrx_word' id='word_1_280' title='bbox 638 2449 703 2479; x_wconf 90' lang='lat' dir='ltr'>sc.</span> <span class='ocrx_word' id='word_1_281' title='bbox 740 2434 932 2492; x_wconf 89' lang='lat' dir='ltr'>quando</span> <span class='ocrx_word' id='word_1_282' title='bbox 959 2434 1109 2491; x_wconf 86' lang='lat' dir='ltr'>jussit</span> <span class='ocrx_word' id='word_1_283' title='bbox 1142 2438 1195 2478; x_wconf 93' lang='lat' dir='ltr'>ut</span> <span class='ocrx_word' id='word_1_284' title='bbox 1229 2432 1473 2477; x_wconf 88' lang='lat' dir='ltr'>Abraham</span> <span class='ocrx_word' id='word_1_285' title='bbox 1506 2432 1563 2476; x_wconf 89' lang='lat' dir='ltr'>de</span> <span class='ocrx_word' id='word_1_286' title='bbox 1605 2431 1667 2477; x_wconf 79' lang='lat' dir='ltr'>Ur</span> <span class='ocrx_word' id='word_1_287' title='bbox 1699 2432 1847 2475; x_wconf 89' lang='lat' dir='ltr'>exiret</span> <span class='ocrx_word' id='word_1_288' title='bbox 1872 2430 1922 2473; x_wconf 88' lang='lat' dir='ltr'>in</span> <span class='ocrx_word' id='word_1_289' title='bbox 1945 2428 2149 2474; x_wconf 85' lang='lat' dir='ltr'>Oharan.</span> 
     </span>
     <span class='ocr_line' id='line_1_30' title="bbox 116 2504 848 2552; baseline -0.004 -1"><span class='ocrx_word' id='word_1_290' title='bbox 116 2504 244 2552; x_wconf 89' lang='lat' dir='ltr'>Vide</span> <span class='ocrx_word' id='word_1_291' title='bbox 271 2505 438 2551; x_wconf 89' lang='lat' dir='ltr'>statim</span> <span class='ocrx_word' id='word_1_292' title='bbox 464 2510 631 2550; x_wconf 90' lang='lat' dir='ltr'>notata</span> <span class='ocrx_word' id='word_1_293' title='bbox 653 2505 714 2549; x_wconf 87' lang='lat' dir='ltr'>ad</span> <span class='ocrx_word' id='word_1_294' title='bbox 737 2520 782 2550; x_wconf 85' lang='lat' dir='ltr'>v.</span> <span class='ocrx_word' id='word_1_295' title='bbox 807 2506 848 2548; x_wconf 84' lang='lat'>2.</span> 
     </span>
    </p>

    <p class='ocr_par' dir='ltr' id='par_1_8' title="bbox 175 2567 2151 2630">
     <span class='ocr_line' id='line_1_31' title="bbox 175 2567 2151 2630; baseline -0.005 -10"><span class='ocrx_word' id='word_1_296' title='bbox 175 2577 216 2620; x_wconf 86' lang='lat'>4.</span> <span class='ocrx_word' id='word_1_297' title='bbox 245 2575 496 2630; x_wconf 72' lang='lat' dir='ltr'><strong>POSTQUAM</strong></span> <span class='ocrx_word' id='word_1_298' title='bbox 516 2589 737 2620; x_wconf 75' lang='lat' dir='ltr'>MORTUUS</span> <span class='ocrx_word' id='word_1_299' title='bbox 761 2588 843 2620; x_wconf 69' lang='lat' dir='ltr'>Es‘r</span> <span class='ocrx_word' id='word_1_300' title='bbox 864 2587 1013 2619; x_wconf 80' lang='lat' dir='ltr'>PATER</span> <span class='ocrx_word' id='word_1_301' title='bbox 1033 2586 1154 2618; x_wconf 73' lang='lat' dir='ltr'>mus.</span> <span class='ocrx_word' id='word_1_302' title='bbox 1179 2572 1491 2618; x_wconf 84' lang='lat' dir='ltr'>Oontendunt</span> <span class='ocrx_word' id='word_1_303' title='bbox 1517 2570 1830 2616; x_wconf 81' lang='lat' dir='ltr'>rationalistae</span> <span class='ocrx_word' id='word_1_304' title='bbox 1857 2567 2151 2624; x_wconf 84' lang='lat' dir='ltr'>Stephanum</span> 
     </span>
    </p>
   </div>
   <div class='ocr_carea' id='block_1_7' title="bbox 31 2638 2152 2774">
    <p class='ocr_par' dir='ltr' id='par_1_9' title="bbox 31 2638 2152 2774">
     <span class='ocr_line' id='line_1_32' title="bbox 31 2638 2152 2702; baseline -0.004 -12"><span class='ocrx_word' id='word_1_305' title='bbox 31 2651 33 2653; x_wconf 83' lang='grc'><strong>’</strong></span> <span class='ocrx_word' id='word_1_306' title='bbox 120 2661 315 2691; x_wconf 85' lang='lat' dir='ltr'>rursum</span> <span class='ocrx_word' id='word_1_307' title='bbox 353 2648 500 2699; x_wconf 86' lang='lat' dir='ltr'>(sicut</span> <span class='ocrx_word' id='word_1_308' title='bbox 532 2661 578 2692; x_wconf 83' lang='lat' dir='ltr'>v.</span> <span class='ocrx_word' id='word_1_309' title='bbox 612 2647 658 2700; x_wconf 88' lang='grc'>2)</span> <span class='ocrx_word' id='word_1_310' title='bbox 692 2646 927 2691; x_wconf 86' lang='lat' dir='ltr'>memoria</span> <span class='ocrx_word' id='word_1_311' title='bbox 961 2646 1150 2702; x_wconf 88' lang='lat' dir='ltr'>lapsum</span> <span class='ocrx_word' id='word_1_312' title='bbox 1183 2658 1304 2695; x_wconf 89' lang='lat' dir='ltr'>esse,</span> <span class='ocrx_word' id='word_1_313' title='bbox 1337 2657 1484 2701; x_wconf 88' lang='lat' dir='ltr'>quum</span> <span class='ocrx_word' id='word_1_314' title='bbox 1519 2641 1761 2685; x_wconf 89' lang='lat' dir='ltr'>Abraham</span> <span class='ocrx_word' id='word_1_315' title='bbox 1797 2641 1852 2683; x_wconf 89' lang='lat'>60</span> <span class='ocrx_word' id='word_1_316' title='bbox 1883 2638 2020 2683; x_wconf 89' lang='lat' dir='ltr'>annis</span> <span class='ocrx_word' id='word_1_317' title='bbox 2046 2641 2152 2682; x_wconf 73' lang='lat' dir='ltr'>ante</span> 
     </span>
     <span class='ocr_line' id='line_1_33' title="bbox 50 2711 2134 2774; baseline -0.005 -12"><span class='ocrx_word' id='word_1_318' title='bbox 50 2767 61 2773; x_wconf 21' lang='grc' dir='ltr'>χ</span> <span class='ocrx_word' id='word_1_319' title='bbox 118 2722 325 2762; x_wconf 89' lang='lat' dir='ltr'>mortem</span> <span class='ocrx_word' id='word_1_320' title='bbox 355 2718 512 2774; x_wconf 74' lang='lat' dir='ltr'>&#39;patris</span> <span class='ocrx_word' id='word_1_321' title='bbox 544 2732 568 2761; x_wconf 93' lang='lat' dir='ltr'>e</span> <span class='ocrx_word' id='word_1_322' title='bbox 601 2717 793 2762; x_wconf 82' lang='lat' dir='ltr'>Charan</span> <span class='ocrx_word' id='word_1_323' title='bbox 827 2716 1008 2760; x_wconf 83' lang='lat' dir='ltr'>exierit.</span> <span class='ocrx_word' id='word_1_324' title='bbox 1044 2714 1180 2771; x_wconf 80' lang='lat' dir='ltr'>Quod</span> <span class='ocrx_word' id='word_1_325' title='bbox 1213 2713 1408 2770; x_wconf 89' lang='lat' dir='ltr'>quidem</span> <span class='ocrx_word' id='word_1_326' title='bbox 1442 2712 1508 2755; x_wconf 89' lang='lat' dir='ltr'>ita</span> <span class='ocrx_word' id='word_1_327' title='bbox 1541 2711 1744 2768; x_wconf 86' lang='lat' dir='ltr'>probare</span> <span class='ocrx_word' id='word_1_328' title='bbox 1776 2713 2010 2754; x_wconf 87' lang='lat' dir='ltr'>conantur</span> <span class='ocrx_word' id='word_1_329' title='bbox 2043 2726 2054 2752; x_wconf 71' lang='grc' dir='ltr'><strong>ι</strong></span> <span class='ocrx_word' id='word_1_330' title='bbox 2106 2711 2134 2736; x_wconf 75' lang='lat'><strong><em>⁴</em></strong></span> 
     </span>
    </p>
   </div>
   <div class='ocr_carea' id='block_1_8' title="bbox 113 2777 2170 3056">
    <p class='ocr_par' dir='ltr' id='par_1_10' title="bbox 113 2777 2150 3056">
     <span class='ocr_line' id='line_1_34' title="bbox 179 2777 2149 2842; baseline -0.007 -11"><span class='ocrx_word' id='word_1_331' title='bbox 179 2787 441 2839; x_wconf 84' lang='lat' dir='ltr'>Abraham,</span> <span class='ocrx_word' id='word_1_332' title='bbox 478 2787 632 2839; x_wconf 89' lang='lat' dir='ltr'>aiunt,</span> <span class='ocrx_word' id='word_1_333' title='bbox 672 2791 815 2832; x_wconf 86' lang='lat' dir='ltr'>natus</span> <span class='ocrx_word' id='word_1_334' title='bbox 849 2791 939 2837; x_wconf 88' lang='lat' dir='ltr'>est,</span> <span class='ocrx_word' id='word_1_335' title='bbox 974 2785 1166 2842; x_wconf 86' lang='lat' dir='ltr'>quando</span> <span class='ocrx_word' id='word_1_336' title='bbox 1199 2788 1335 2840; x_wconf 86' lang='lat' dir='ltr'>pater</span> <span class='ocrx_word' id='word_1_337' title='bbox 1367 2781 1468 2839; x_wconf 85' lang='lat' dir='ltr'>ejus</span> <span class='ocrx_word' id='word_1_338' title='bbox 1503 2780 1707 2825; x_wconf 88' lang='lat' dir='ltr'>habebat</span> <span class='ocrx_word' id='word_1_339' title='bbox 1742 2780 1795 2838; x_wconf 79' lang='grc'>70</span> <span class='ocrx_word' id='word_1_340' title='bbox 1826 2791 1976 2822; x_wconf 86' lang='lat' dir='ltr'>annos</span> <span class='ocrx_word' id='word_1_341' title='bbox 2010 2777 2149 2830; x_wconf 86' lang='lat' dir='ltr'>(Gen.</span> 
     </span>
     <span class='ocr_line' id='line_1_35' title="bbox 118 2850 2150 2912; baseline -0.007 -10"><span class='ocrx_word' id='word_1_342' title='bbox 118 2857 210 2908; x_wconf 89' lang='lat' dir='ltr'>XI,</span> <span class='ocrx_word' id='word_1_343' title='bbox 249 2857 351 2911; x_wconf 86' lang='grc'>26);</span> <span class='ocrx_word' id='word_1_344' title='bbox 393 2872 447 2900; x_wconf 85' lang='lat' dir='ltr'>ex</span> <span class='ocrx_word' id='word_1_345' title='bbox 486 2856 676 2902; x_wconf 84' lang='lat' dir='ltr'>Oharan</span> <span class='ocrx_word' id='word_1_346' title='bbox 725 2862 888 2901; x_wconf 86' lang='lat' dir='ltr'>autem</span> <span class='ocrx_word' id='word_1_347' title='bbox 934 2855 1178 2912; x_wconf 86' lang='lat' dir='ltr'>profectus</span> <span class='ocrx_word' id='word_1_348' title='bbox 1224 2858 1313 2904; x_wconf 90' lang='lat' dir='ltr'>est,</span> <span class='ocrx_word' id='word_1_349' title='bbox 1362 2851 1553 2908; x_wconf 85' lang='lat' dir='ltr'>quando</span> <span class='ocrx_word' id='word_1_350' title='bbox 1594 2850 1648 2895; x_wconf 82' lang='lat'>75</span> <span class='ocrx_word' id='word_1_351' title='bbox 1686 2862 1920 2893; x_wconf 86' lang='lat' dir='ltr'>annorum</span> <span class='ocrx_word' id='word_1_352' title='bbox 1960 2850 2150 2890; x_wconf 73' lang='lat' dir='ltr'>aetatem</span> 
     </span>
     <span class='ocr_line' id='line_1_36' title="bbox 118 2917 2170 2982; baseline -0.008 -11"><span class='ocrx_word' id='word_1_353' title='bbox 118 2925 327 2971; x_wconf 84' lang='lat' dir='ltr'>habebat</span> <span class='ocrx_word' id='word_1_354' title='bbox 360 2924 500 2979; x_wconf 86' lang='lat' dir='ltr'>(Gen.</span> <span class='ocrx_word' id='word_1_355' title='bbox 534 2921 654 2977; x_wconf 90' lang='lat' dir='ltr'><strong>XII,</strong></span> <span class='ocrx_word' id='word_1_356' title='bbox 688 2925 749 2980; x_wconf 88' lang='lat'>4).</span> <span class='ocrx_word' id='word_1_357' title='bbox 785 2925 960 2982; x_wconf 84' lang='lat' dir='ltr'>Igitur,</span> <span class='ocrx_word' id='word_1_358' title='bbox 986 2923 1036 2967; x_wconf 91' lang='lat' dir='ltr'>si</span> <span class='ocrx_word' id='word_1_359' title='bbox 1070 2931 1206 2980; x_wconf 87' lang='lat' dir='ltr'>pater</span> <span class='ocrx_word' id='word_1_360' title='bbox 1238 2920 1338 2976; x_wconf 85' lang='lat' dir='ltr'>ejus</span> <span class='ocrx_word' id='word_1_361' title='bbox 1366 2920 1414 2963; x_wconf 94' lang='lat' dir='ltr'>id</span> <span class='ocrx_word' id='word_1_362' title='bbox 1440 2918 1670 2974; x_wconf 87' lang='lat' dir='ltr'>temporis</span> <span class='ocrx_word' id='word_1_363' title='bbox 1705 2917 1829 2960; x_wconf 87' lang='lat' dir='ltr'>diem</span> <span class='ocrx_word' id='word_1_364' title='bbox 1866 2927 2170 2970; x_wconf 88' lang='lat' dir='ltr'>supremum</span> 
     </span>
     <span class='ocr_line' id='line_1_37' title="bbox 113 2982 2150 3056; baseline -0.008 -15"><span class='ocrx_word' id='word_1_365' title='bbox 113 2997 215 3056; x_wconf 84' lang='lat' dir='ltr'>J&#39;am</span> <span class='ocrx_word' id='word_1_366' title='bbox 238 2996 438 3048; x_wconf 88' lang='lat' dir='ltr'>obierat,</span> <span class='ocrx_word' id='word_1_367' title='bbox 464 2997 568 3053; x_wconf 84' lang='lat' dir='ltr'>ipse</span> <span class='ocrx_word' id='word_1_368' title='bbox 589 3010 770 3040; x_wconf 88' lang='lat' dir='ltr'>annum</span> <span class='ocrx_word' id='word_1_369' title='bbox 797 2996 879 3039; x_wconf 82' lang='lat'>145</span> <span class='ocrx_word' id='word_1_370' title='bbox 902 3009 997 3038; x_wconf 94' lang='lat' dir='ltr'>non</span> <span class='ocrx_word' id='word_1_371' title='bbox 1022 2993 1221 3050; x_wconf 85' lang='lat' dir='ltr'>attigit:</span> <span class='ocrx_word' id='word_1_372' title='bbox 1249 2990 1333 3034; x_wconf 88' lang='lat' dir='ltr'>sed</span> <span class='ocrx_word' id='word_1_373' title='bbox 1357 2989 1477 3034; x_wconf 86' lang='lat' dir='ltr'>vixit</span> <span class='ocrx_word' id='word_1_374' title='bbox 1499 2989 1584 3032; x_wconf 90' lang='grc'>205</span> <span class='ocrx_word' id='word_1_375' title='bbox 1606 3002 1770 3038; x_wconf 82' lang='lat' dir='ltr'>annos,</span> <span class='ocrx_word' id='word_1_376' title='bbox 1797 2985 1916 3030; x_wconf 90' lang='lat' dir='ltr'>Gen.</span> <span class='ocrx_word' id='word_1_377' title='bbox 1940 2983 2031 3035; x_wconf 90' lang='lat' dir='ltr'>XI,</span> <span class='ocrx_word' id='word_1_378' title='bbox 2056 2982 2150 3026; x_wconf 79' lang='lat'>32:</span> 
     </span>
    </p>
   </div>
   <div class='ocr_carea' id='block_1_9' title="bbox 40 3054 1984 3124">
    <p class='ocr_par' dir='ltr' id='par_1_11' title="bbox 40 3054 1984 3124">
     <span class='ocr_line' id='line_1_38' title="bbox 40 3054 1984 3124; baseline -0.009 -11"><span class='ocrx_word' id='word_1_379' title='bbox 40 3093 48 3095; x_wconf 38' lang='lat'><em>*</em></span> <span class='ocrx_word' id='word_1_380' title='bbox 94 3077 236 3123; x_wconf 81' lang='lat' dir='ltr'>&#39;ergo</span> <span class='ocrx_word' id='word_1_381' title='bbox 259 3081 356 3111; x_wconf 86' lang='lat' dir='ltr'>non</span> <span class='ocrx_word' id='word_1_382' title='bbox 373 3069 476 3124; x_wconf 75' lang='lat' dir='ltr'>post</span> <span class='ocrx_word' id='word_1_383' title='bbox 500 3065 604 3122; x_wconf 86' lang='lat' dir='ltr'>ejus</span> <span class='ocrx_word' id='word_1_384' title='bbox 627 3069 848 3116; x_wconf 83' lang='lat' dir='ltr'>mortem,</span> <span class='ocrx_word' id='word_1_385' title='bbox 876 3063 960 3107; x_wconf 90' lang='lat' dir='ltr'>sed</span> <span class='ocrx_word' id='word_1_386' title='bbox 985 3062 1039 3105; x_wconf 88' lang='lat'>60</span> <span class='ocrx_word' id='word_1_387' title='bbox 1065 3062 1202 3104; x_wconf 84' lang='lat' dir='ltr'>annis</span> <span class='ocrx_word' id='word_1_388' title='bbox 1229 3062 1352 3108; x_wconf 73' lang='lat' dir='ltr'>ante,</span> <span class='ocrx_word' id='word_1_389' title='bbox 1378 3071 1603 3114; x_wconf 85' lang='lat' dir='ltr'>egressus</span> <span class='ocrx_word' id='word_1_390' title='bbox 1627 3061 1698 3099; x_wconf 89' lang='lat' dir='ltr'>est</span> <span class='ocrx_word' id='word_1_391' title='bbox 1726 3054 1984 3098; x_wconf 90' lang='lat' dir='ltr'>Abraham.</span> 
     </span>
    </p>
   </div>
   <div class='ocr_carea' id='block_1_10' title="bbox 177 3120 2146 3193">
    <p class='ocr_par' dir='ltr' id='par_1_12' title="bbox 177 3120 2146 3193">
     <span class='ocr_line' id='line_1_39' title="bbox 177 3120 2146 3193; baseline -0.009 -12"><span class='ocrx_word' id='word_1_392' title='bbox 177 3136 327 3193; x_wconf 83' lang='lat' dir='ltr'>Resp.</span> <span class='ocrx_word' id='word_1_393' title='bbox 379 3136 580 3182; x_wconf 83' lang='lat' dir='ltr'>Certum</span> <span class='ocrx_word' id='word_1_394' title='bbox 628 3150 725 3180; x_wconf 89' lang='lat' dir='ltr'>non</span> <span class='ocrx_word' id='word_1_395' title='bbox 771 3149 820 3179; x_wconf 82' lang='lat' dir='ltr'>es</span> <span class='ocrx_word' id='word_1_396' title='bbox 825 3140 845 3180; x_wconf 89' lang='lat' dir='ltr'>t</span> <span class='ocrx_word' id='word_1_397' title='bbox 895 3133 1224 3178; x_wconf 88' lang='lat' dir='ltr'>Abrahamum</span> <span class='ocrx_word' id='word_1_398' title='bbox 1267 3135 1435 3172; x_wconf 88' lang='lat' dir='ltr'>natum</span> <span class='ocrx_word' id='word_1_399' title='bbox 1484 3142 1587 3171; x_wconf 83' lang='lat' dir='ltr'>esse</span> <span class='ocrx_word' id='word_1_400' title='bbox 1631 3124 1821 3183; x_wconf 88' lang='lat' dir='ltr'>quando</span> <span class='ocrx_word' id='word_1_401' title='bbox 1866 3127 2001 3179; x_wconf 89' lang='lat' dir='ltr'>pater</span> <span class='ocrx_word' id='word_1_402' title='bbox 2044 3120 2146 3178; x_wconf 90' lang='lat' dir='ltr'>ejus</span> 
     </span>
    </p>
   </div>
   <div class='ocr_carea' id='block_1_11' title="bbox 0 3190 2152 3706">
    <p class='ocr_par' dir='ltr' id='par_1_13' title="bbox 0 3190 2152 3670">
     <span class='ocr_line' id='line_1_40' title="bbox 71 3190 2150 3260; baseline -0.009 -6.378"><span class='ocrx_word' id='word_1_403' title='bbox 71 3202 74 3204; x_wconf 14' lang='lat' dir='ltr'>v</span> <span class='ocrx_word' id='word_1_404' title='bbox 120 3211 314 3253; x_wconf 62' lang='lat' dir='ltr'>tantum</span> <span class='ocrx_word' id='word_1_405' title='bbox 349 3207 404 3253; x_wconf 93' lang='grc'>70</span> <span class='ocrx_word' id='word_1_406' title='bbox 436 3220 587 3251; x_wconf 85' lang='lat' dir='ltr'>annos</span> <span class='ocrx_word' id='word_1_407' title='bbox 620 3205 861 3250; x_wconf 87' lang='lat' dir='ltr'>habebat·</span> <span class='ocrx_word' id='word_1_408' title='bbox 888 3218 1043 3260; x_wconf 87' lang='lat' dir='ltr'>neque</span> <span class='ocrx_word' id='word_1_409' title='bbox 1069 3202 1117 3246; x_wconf 91' lang='lat' dir='ltr'>id</span> <span class='ocrx_word' id='word_1_410' title='bbox 1142 3201 1380 3245; x_wconf 88' lang='lat' dir='ltr'>evincitur</span> <span class='ocrx_word' id='word_1_411' title='bbox 1404 3213 1458 3242; x_wconf 82' lang='lat' dir='ltr'>ex</span> <span class='ocrx_word' id='word_1_412' title='bbox 1484 3197 1644 3242; x_wconf 86' lang='lat' dir='ltr'>verbis</span> <span class='ocrx_word' id='word_1_413' title='bbox 1679 3196 1795 3239; x_wconf 88' lang='lat' dir='ltr'>Gen.</span> <span class='ocrx_word' id='word_1_414' title='bbox 1830 3193 1919 3245; x_wconf 91' lang='lat' dir='ltr'>XI,</span> <span class='ocrx_word' id='word_1_415' title='bbox 1943 3191 1998 3235; x_wconf 94' lang='grc'>26</span> <span class='ocrx_word' id='word_1_416' title='bbox 2026 3190 2150 3237; x_wconf 71' lang='lat' dir='ltr'><em>Viaeit</em></span> 
     </span>
     <span class='ocr_line' id='line_1_41' title="bbox 48 3260 2150 3332; baseline -0.01 -10"><span class='ocrx_word' id='word_1_417' title='bbox 48 3307 50 3309; x_wconf 66' lang='grc'><em>»</em></span> <span class='ocrx_word' id='word_1_418' title='bbox 123 3275 276 3322; x_wconf 74' lang='grc' dir='ltr'><em>ΤῙιανε</em></span> <span class='ocrx_word' id='word_1_419' title='bbox 320 3277 375 3321; x_wconf 87' lang='grc'>70</span> <span class='ocrx_word' id='word_1_420' title='bbox 422 3276 580 3328; x_wconf 77' lang='lat' dir='ltr'>annis,</span> <span class='ocrx_word' id='word_1_421' title='bbox 625 3278 666 3319; x_wconf 80' lang='lat' dir='ltr'>et</span> <span class='ocrx_word' id='word_1_422' title='bbox 705 3274 864 3332; x_wconf 73' lang='lat' dir='ltr'>qenuit</span> <span class='ocrx_word' id='word_1_423' title='bbox 909 3273 1093 3324; x_wconf 82' lang='lat' dir='ltr'>Abram,</span> <span class='ocrx_word' id='word_1_424' title='bbox 1141 3275 1181 3315; x_wconf 74' lang='lat' dir='ltr'>et</span> <span class='ocrx_word' id='word_1_425' title='bbox 1223 3269 1426 3320; x_wconf 77' lang='lat' dir='ltr'>Naohor,</span> <span class='ocrx_word' id='word_1_426' title='bbox 1475 3271 1515 3310; x_wconf 73' lang='lat' dir='ltr'>et</span> <span class='ocrx_word' id='word_1_427' title='bbox 1564 3265 1706 3310; x_wconf 76' lang='lat' dir='ltr'>Aran.</span> <span class='ocrx_word' id='word_1_428' title='bbox 1755 3261 1983 3319; x_wconf 80' lang='lat' dir='ltr'>Quamvis</span> <span class='ocrx_word' id='word_1_429' title='bbox 2025 3260 2150 3304; x_wconf 88' lang='lat' dir='ltr'>enim</span> 
     </span>
     <span class='ocr_line' id='line_1_42' title="bbox 45 3331 2152 3404; baseline -0.01 -12"><span class='ocrx_word' id='word_1_430' title='bbox 45 3371 71 3390; x_wconf 89' lang='lat'>-.</span> <span class='ocrx_word' id='word_1_431' title='bbox 98 3343 370 3396; x_wconf 46' lang='lat' dir='ltr'>[Abraham</span> <span class='ocrx_word' id='word_1_432' title='bbox 400 3347 559 3404; x_wconf 88' lang='lat' dir='ltr'>primo</span> <span class='ocrx_word' id='word_1_433' title='bbox 589 3345 693 3389; x_wconf 86' lang='lat' dir='ltr'>Ioco</span> <span class='ocrx_word' id='word_1_434' title='bbox 725 3344 1017 3390; x_wconf 87' lang='lat' dir='ltr'>nominetur,</span> <span class='ocrx_word' id='word_1_435' title='bbox 1057 3356 1152 3386; x_wconf 91' lang='lat' dir='ltr'>non</span> <span class='ocrx_word' id='word_1_436' title='bbox 1190 3343 1378 3384; x_wconf 87' lang='lat' dir='ltr'>constat</span> <span class='ocrx_word' id='word_1_437' title='bbox 1410 3351 1516 3382; x_wconf 91' lang='lat' dir='ltr'>eum</span> <span class='ocrx_word' id='word_1_438' title='bbox 1550 3335 1700 3379; x_wconf 86' lang='lat' dir='ltr'>fuisse</span> <span class='ocrx_word' id='word_1_439' title='bbox 1732 3331 2106 3391; x_wconf 86' lang='lat' dir='ltr'>primogenitum</span> <span class='ocrx_word' id='word_1_440' title='bbox 2142 3347 2152 3371; x_wconf 90' lang='lat'>:</span> 
     </span>
     <span class='ocr_line' id='line_1_43' title="bbox 47 3398 2149 3473; baseline -0.01 -12"><span class='ocrx_word' id='word_1_441' title='bbox 47 3409 90 3473; x_wconf 50' lang='lat'>‘5-&gt;</span> <span class='ocrx_word' id='word_1_442' title='bbox 124 3415 195 3461; x_wconf 82' lang='lat' dir='ltr'>sic</span> <span class='ocrx_word' id='word_1_443' title='bbox 215 3415 238 3461; x_wconf 93' lang='lat'>1</span> <span class='ocrx_word' id='word_1_444' title='bbox 268 3415 418 3460; x_wconf 79' lang='lat' dir='ltr'>Paral.</span> <span class='ocrx_word' id='word_1_445' title='bbox 441 3414 482 3467; x_wconf 93' lang='lat' dir='ltr'>I,</span> <span class='ocrx_word' id='word_1_446' title='bbox 509 3415 564 3461; x_wconf 90' lang='grc'>27</span> <span class='ocrx_word' id='word_1_447' title='bbox 586 3414 711 3460; x_wconf 70' lang='lat' dir='ltr'><em>Filii</em></span> <span class='ocrx_word' id='word_1_448' title='bbox 742 3416 896 3458; x_wconf 73' lang='lat' dir='ltr'>autem</span> <span class='ocrx_word' id='word_1_449' title='bbox 930 3411 1180 3463; x_wconf 79' lang='lat' dir='ltr'>Abraham,</span> <span class='ocrx_word' id='word_1_450' title='bbox 1212 3411 1351 3454; x_wconf 81' lang='lat' dir='ltr'>Isaac</span> <span class='ocrx_word' id='word_1_451' title='bbox 1383 3411 1423 3451; x_wconf 76' lang='lat' dir='ltr'>et</span> <span class='ocrx_word' id='word_1_452' title='bbox 1453 3405 1645 3457; x_wconf 78' lang='lat' dir='ltr'>Ismael,</span> <span class='ocrx_word' id='word_1_453' title='bbox 1679 3402 1975 3459; x_wconf 85' lang='lat' dir='ltr'>praeponitur</span> <span class='ocrx_word' id='word_1_454' title='bbox 2000 3398 2149 3447; x_wconf 85' lang='lat' dir='ltr'>Isaac,</span> 
     </span>
     <span class='ocr_line' id='line_1_44' title="bbox 42 3469 2145 3540; baseline -0.011 -8"><span class='ocrx_word' id='word_1_455' title='bbox 42 3478 94 3530; x_wconf 63' lang='grc' dir='ltr'>τ”</span> <span class='ocrx_word' id='word_1_456' title='bbox 116 3483 217 3531; x_wconf 71' lang='lat' dir='ltr'>&#39;etsi</span> <span class='ocrx_word' id='word_1_457' title='bbox 239 3471 418 3529; x_wconf 80' lang='lat' dir='ltr'>Ismael</span> <span class='ocrx_word' id='word_1_458' title='bbox 436 3488 555 3528; x_wconf 76' lang='lat' dir='ltr'>natu</span> <span class='ocrx_word' id='word_1_459' title='bbox 581 3483 731 3540; x_wconf 82' lang='lat' dir='ltr'>major</span> <span class='ocrx_word' id='word_1_460' title='bbox 755 3486 898 3527; x_wconf 88' lang='lat' dir='ltr'>esset.</span> <span class='ocrx_word' id='word_1_461' title='bbox 923 3481 1066 3526; x_wconf 88' lang='lat' dir='ltr'>Nunc</span> <span class='ocrx_word' id='word_1_462' title='bbox 1087 3484 1264 3531; x_wconf 82' lang='lat' dir='ltr'>autem,</span> <span class='ocrx_word' id='word_1_463' title='bbox 1303 3478 1343 3520; x_wconf 85' lang='lat' dir='ltr'>si</span> <span class='ocrx_word' id='word_1_464' title='bbox 1377 3475 1618 3519; x_wconf 83' lang='lat' dir='ltr'>Abraham</span> <span class='ocrx_word' id='word_1_465' title='bbox 1644 3475 1760 3516; x_wconf 87' lang='lat' dir='ltr'>natu</span> <span class='ocrx_word' id='word_1_466' title='bbox 1794 3469 2026 3514; x_wconf 83' lang='lat' dir='ltr'>maximus</span> <span class='ocrx_word' id='word_1_467' title='bbox 2051 3478 2145 3508; x_wconf 88' lang='lat' dir='ltr'>non</span> 
     </span>
     <span class='ocr_line' id='line_1_45' title="bbox 24 3533 2149 3610; baseline -0.01 -14.895"><span class='ocrx_word' id='word_1_468' title='bbox 24 3542 106 3599; x_wconf 54' lang='grc' dir='ltr'><em>Σ</em></span> <span class='ocrx_word' id='word_1_469' title='bbox 110 3552 286 3606; x_wconf 77' lang='lat' dir='ltr'>&#39;fuerit,</span> <span class='ocrx_word' id='word_1_470' title='bbox 306 3566 434 3598; x_wconf 81' lang='lat' dir='ltr'>anno</span> <span class='ocrx_word' id='word_1_471' title='bbox 456 3552 609 3610; x_wconf 84' lang='lat' dir='ltr'>patris</span> <span class='ocrx_word' id='word_1_472' title='bbox 633 3552 719 3597; x_wconf 84' lang='lat'>130</span> <span class='ocrx_word' id='word_1_473' title='bbox 743 3551 875 3596; x_wconf 88' lang='lat' dir='ltr'>nasci</span> <span class='ocrx_word' id='word_1_474' title='bbox 899 3550 1096 3607; x_wconf 88' lang='lat' dir='ltr'>potuit:</span> <span class='ocrx_word' id='word_1_475' title='bbox 1121 3562 1216 3606; x_wconf 89' lang='lat' dir='ltr'>quo</span> <span class='ocrx_word' id='word_1_476' title='bbox 1241 3546 1400 3604; x_wconf 88' lang='lat' dir='ltr'>posito</span> <span class='ocrx_word' id='word_1_477' title='bbox 1425 3544 1583 3589; x_wconf 88' lang='lat' dir='ltr'>omnis</span> <span class='ocrx_word' id='word_1_478' title='bbox 1605 3540 1860 3586; x_wconf 86' lang='lat' dir='ltr'>difficultas</span> <span class='ocrx_word' id='word_1_479' title='bbox 1893 3533 2149 3582; x_wconf 88' lang='lat' dir='ltr'>evanescit.</span> 
     </span>
     <span class='ocr_line' id='line_1_46' title="bbox 0 3605 2144 3706; baseline -0.01 -41"><span class='ocrx_word' id='word_1_480' title='bbox 0 3621 2 3651; x_wconf 80' lang='grc' dir='ltr'>ἶ</span> <span class='ocrx_word' id='word_1_481' title='bbox 34 3620 113 3673; x_wconf 45' lang='grc' dir='ltr'>ἐὴ</span> <span class='ocrx_word' id='word_1_482' title='bbox 98 3618 311 3706; x_wconf 70' lang='lat' dir='ltr'>&#39;Saltem</span> <span class='ocrx_word' id='word_1_483' title='bbox 346 3620 608 3670; x_wconf 79' lang='lat' dir='ltr'>adversarii</span> <span class='ocrx_word' id='word_1_484' title='bbox 651 3634 750 3666; x_wconf 87' lang='lat' dir='ltr'>non</span> <span class='ocrx_word' id='word_1_485' title='bbox 791 3623 924 3666; x_wconf 88' lang='lat' dir='ltr'>certo</span> <span class='ocrx_word' id='word_1_486' title='bbox 967 3618 1298 3663; x_wconf 87' lang='lat' dir='ltr'>demonstrant</span> <span class='ocrx_word' id='word_1_487' title='bbox 1342 3612 1668 3658; x_wconf 82' lang='lat' dir='ltr'>Abrahamum</span> <span class='ocrx_word' id='word_1_488' title='bbox 1710 3609 1859 3654; x_wconf 88' lang='lat' dir='ltr'>fuisse</span> <span class='ocrx_word' id='word_1_489' title='bbox 1905 3605 2144 3661; x_wconf 88' lang='lat' dir='ltr'>primoge-</span> 
     </span>
    </p>
   </div>
   <div class='ocr_carea' id='block_1_12' title="bbox 0 3646 464 4030">
    <p class='ocr_par' dir='ltr' id='par_1_14' title="bbox 0 3646 464 4030">
     <span class='ocr_line' id='line_1_47' title="bbox 0 3646 464 4030; baseline 0 -330"><span class='ocrx_word' id='word_1_490' title='bbox 0 3646 464 4030; x_wconf 95' lang='lat' dir='ltr'>  </span> 
     </span>
    </p>
   </div>
   <div class='ocr_carea' id='block_1_13' title="bbox 2406 507 2430 537">
    <p class='ocr_par' dir='ltr' id='par_1_15' title="bbox 2406 507 2430 537">
     <span class='ocr_line' id='line_1_48' title="bbox 2406 507 2430 537; baseline 0 3493"><span class='ocrx_word' id='word_1_491' title='bbox 2406 507 2430 537; x_wconf 95' lang='lat' dir='ltr'> </span> 
     </span>
    </p>
   </div>
   <div class='ocr_carea' id='block_1_14' title="bbox 2408 550 2420 564">
    <p class='ocr_par' dir='ltr' id='par_1_16' title="bbox 2408 550 2420 564">
     <span class='ocr_line' id='line_1_49' title="bbox 2408 550 2420 564; baseline 0 3466"><span class='ocrx_word' id='word_1_492' title='bbox 2408 550 2420 564; x_wconf 95' lang='lat' dir='ltr'> </span> 
     </span>
    </p>
   </div>
   <div class='ocr_carea' id='block_1_15' title="bbox 2278 3427 2430 4030">
    <p class='ocr_par' dir='ltr' id='par_1_17' title="bbox 2278 3427 2430 4030">
     <span class='ocr_line' id='line_1_50' title="bbox 2278 3427 2430 4030; baseline 0 0"><span class='ocrx_word' id='word_1_493' title='bbox 2278 3427 2430 4030; x_wconf 95' lang='lat' dir='ltr'> </span> 
     </span>
    </p>
   </div>
  </div>
 </body>
</html>
