2430 4030
18 387 62 427 ,ἐξ
103 395 106 397 .
621 364 809 403 ORATIO
849 369 892 405 S.
934 371 1192 407 STEPHANI
1230 374 1603 414 APOLOGFJTICA.
2052 373 2119 423 97

22 427 63 463 ³:35.
105 433 1499 459 Ἣ

163 498 196 535 *
243 494 448 547 Eodem
493 501 738 564 tempore
784 505 943 551 natus
989 506 1072 552 est
1116 502 1335 573 Moyses
1379 512 1435 558 et
1477 508 1581 559 fuit
1624 517 1814 578 gratus
1858 512 1988 577 De0,
2031 515 2123 584 qui
2146 523 2199 561 20

44 570 51 602 s
88 578 331 631 nutritus
379 585 462 632 est
511 580 689 631 tribus
744 583 1023 634 mensibus
1075 585 1130 634 in
1184 587 1344 638 domo
1399 591 1571 657 patris
1627 594 1727 645 sui.
1775 599 1807 634 >¹<
1858 594 2122 663 Exposito
2145 611 2197 649 21

40 906 72 913 .-

90 664 271 712 autem
307 660 420 725 illo,
465 663 690 713 sustulit
729 681 853 714 eum
893 665 1002 716 filia
1043 667 1358 734 Pharaonis,
1398 677 1452 722 et
1491 674 1721 727 nutrivit
1762 695 1883 728 eum
1923 679 2028 729 sibi
2066 680 2122 731 in

87 739 277 794 filium.
327 746 360 784 *
407 740 482 794 Et
525 744 772 797 eruditus
819 755 904 797 est
948 748 1165 817 Moyses
1212 754 1359 803 omni
1408 755 1676 822 sapientia
1712 757 2121 827 AEgyptiorum,
2147 774 2200 812 22

87 829 144 876 et
188 831 305 877 erat
345 832 545 895 potens
589 827 647 878 in
689 829 892 894 verbiS,
937 837 992 881 et
1038 832 1094 882 in
1140 835 1397 902 operibus
1445 839 1573 891 suis,

160 913 193 950 *
247 909 380 963 Cum
434 919 614 964 autem
667 913 989 983 impleretur
1042 918 1091 968 ei
1145 920 1509 989 quadraginta
1574 941 1836 975 annorum
1890 931 2122 995 tempus,
2148 937 2199 975 23

25 991 26 994 ’
86 994 334 1047 ascendit
374 996 429 1046 in
477 1014 570 1048 cor
615 997 730 1066 ejus
778 1005 838 1050 ut
880 1000 1129 1053 visitaret
1170 1003 1369 1056 fratres
1410 1024 1534 1058 suos
1573 1007 1712 1060 filios
1752 1010 1938 1062 Israel.
1983 1016 2014 1053 ²¹<
2054 1013 2200 1065 Etzt

146 1195 216 1242 20.
242 1196 519 1254 Stephanus
545 1198 644 1256 jam
682 1200 881 1257 propius
905 1201 1087 1245 accedit
1120 1202 1179 1246 ad
1213 1202 1347 1247 binas
1385 1206 1715 1251 accusationes
1742 1213 1908 1253 contra
1931 1224 1980 1254 se
2001 1211 2121 1256 latas

88 1264 209 1323 (cap.
244 1266 333 1319 VI,
367 1268 442 1322 14)
478 1267 741 1313 diluendas.
778 1268 895 1324 Quae
929 1270 1208 1325 praecedunt
1248 1271 1477 1317 videntur
1519 1278 1806 1331 prooemium
1840 1282 1913 1322 sat
1945 1279 2125 1334 fusum,

87 1335 227 1392 quale
248 1335 475 1379 adhibere
500 1337 717 1381 solebant
741 1337 915 1389 Judaei,
949 1339 1140 1394 quando
1173 1339 1224 1382 in
1261 1346 1387 1385 coetu
1422 1342 1648 1399 religioso
1686 1345 1829 1389 verba
1855 1346 2120 1401 faciebant;

88 1403 138 1447 in
180 1402 269 1448 hoc
314 1405 441 1448 enim
484 1406 742 1450 admodum
789 1406 1167 1459 delectabantur,
1208 1416 1261 1452 ut
1309 1410 1505 1454 initium
1551 1427 1650 1456 suae
1693 1413 1922 1467 historiae,
1961 1430 2005 1460 v.
2048 1431 2122 1472 gr.

86 1473 385 1518 vocationem
420 1475 645 1527 Abrahae,
679 1475 1010 1520 liberationem
1044 1491 1099 1520 ex
1129 1478 1344 1535 AEgypto
1378 1486 1486 1532 etc„
1518 1481 1730 1526 breviter
1764 1483 1812 1526 in
1845 1486 2123 1530 memoriam

85 1542 384 1588 reducerent.
408 1543 485 1588 Ita
507 1560 696 1603 quoque
718 1547 830 1590 fecit
862 1546 1049 1599 Paulus,
1083 1561 1184 1604 cap.
1219 1548 1367 1600 XIII,
1406 1551 1458 1594 17
1494 1565 1561 1609 sq.
1598 1551 1843 1606 Attamen,
1875 1556 2124 1600 exordium

84 1610 205 1656 illud
239 1612 300 1656 ad
337 1613 482 1658 finem
523 1615 758 1678 Stephani
800 1630 895 1659 non
934 1630 1134 1672 prorsus
1177 1616 1350 1661 inutile
1395 1619 1546 1663 fuisse
1578 1620 1678 1677 jam
1719 1623 1923 1668 indicavi
1963 1640 2125 1682 supra,

85 1694 130 1726 v.
159 1682 185 1724 5
207 1681 307 1738 huj.
330 1697 434 1739 cap.

147 1747 338 1793 GRATUS
389 1750 493 1794 DEo
540 1769 548 1794 :
595 1769 765 1805 αστειος,
821 1752 1046 1805 urbanae,
1088 1754 1326 1809 formosus
1375 1755 1466 1800 Deo
1514 1757 1685 1813 judice,
1736 1772 1834 1802 vere
1873 1760 2124 1815 formosus,

75 1817 449 1875 formosissimus
490 1820 616 1873 (vide
655 1825 819 1865 annot.
858 1821 919 1864 ad
957 1820 1047 1872 IV,
1086 1823 1177 1876 19).
1219 1823 1305 1866 Ex.
1342 1823 1410 1877 ΙΙ,
1448 1826 1473 1867 2
1506 1825 1554 1868 in
1587 1824 1718 1869 hebr.
1746 1827 1896 1872 :vidit
1925 1844 2122 1886 puerum

88 1885 284 1934 bonum
324 1902 416 1932 esse
438 1906 451 1932 .·
491 1888 647 1932 bonus
682 1894 844 1933 autem
877 1889 934 1933 de
965 1890 1118 1934 forma
1150 1892 1368 1948 corporis
1409 1892 1489 1936 hic
1521 1893 1715 1946 dicitur,
1748 1901 1802 1939 ut
1836 1897 1951 1942 Gen.
1985 1899 2121 1952 XLI,

87 1956 146 2000 22
175 1957 242 2010 (in
266 1957 445 2013 hebr.);
481 1959 502 2003 1
532 1958 650 2016 Reg.
677 1959 766 2010 IX,
793 1961 834 2003 2.

148 2025 216 2071 22.
242 2025 480 2071 Essunirus
504 2041 584 2071 Es'r
607 2033 694 2072 etc.
732 2027 834 2072 Hoc
866 2042 962 2072 non
984 2041 1206 2085 expresse
1242 2029 1423 2074 dicitur
1446 2030 1493 2073 in
1523 2030 1585 2075 V.
1607 2032 1675 2084 T„
1701 2034 1783 2077 sed
1809 2040 1939 2079 certo
1962 2037 2123 2094 colligi

89 2099 248 2151 potest
280 2110 336 2140 ex
367 2110 421 2141 eo
453 2096 582 2153 quod
605 2111 633 2141 a
656 2097 752 2140 filia
781 2096 1038 2140 Pharaonis
1065 2096 1296 2142 educatus
1322 2098 1482 2143 fuerit.
1515 2100 1584 2144 De
1618 2106 1775 2146 cetero
1807 2103 1858 2147 id
1891 2118 1946 2147 ex
1978 2106 2122 2150 tradi·

87 2164 220 2210 tione
242 2171 443 2211 noverat
470 2165 762 2222 Stephanus.
788 2165 1034 2222 Sapientia
1059 2166 1153 2210 ista
1178 2165 1360 2223 Moysis
1394 2169 1629 2213 naturalis
1664 2170 1904 2214 sufficiens
1933 2186 2027 2217 non
2050 2179 2124 2218 est

88 2239 145 2279 ut
183 2236 419 2280 rationem
452 2235 622 2280 reddat
654 2250 818 2280 eorum
850 2250 956 2292 quae
988 2235 1100 2280 fecit
1132 2235 1226 2288 ille,
1260 2237 1308 2279 in
1342 2238 1554 2293 regendo
1588 2244 1636 2283 et
1669 2240 1916 2285 condendo
1949 2244 2123 2299 populo

89 2305 241 2351 Israel
265 2325 274 2351 z
300 2321 468 2352 verum
501 2312 664 2352 tamen
696 2312 770 2351 est
803 2307 958 2350 Deum
990 2321 1044 2350 ea
1075 2321 1216 2350 usum
1249 2307 1415 2362 fuisse,
1445 2323 1500 2352 ex
1537 2311 1735 2365 provida
1767 2315 2044 2366 oeconomia,
2069 2323 2123 2360 ut

89 2374 140 2419 in
164 2374 332 2432 Moyse
356 2377 664 2432 aptissimum
691 2377 878 2421 consilii
904 2377 978 2420 sui
1002 2376 1381 2420 instrumentum
1404 2377 1623 2423 haberet.

147 2443 279 2488 ERAT
302 2454 471 2489 romnus
496 2459 545 2489 IN
566 2458 731 2490 vannis
754 2464 763 2490 :
790 2459 948 2489 sermo
972 2444 1029 2490 fit
1049 2444 1108 2488 de
1132 2444 1299 2502 Moyse
1324 2446 1372 2488 in
1401 2447 1510 2490 aula
1543 2448 1802 2494 Pharaonis
1834 2451 1989 2496 adhuc
2021 2467 2121 2496 ver-

89 2518 240 2566 sante,
274 2519 322 2559 et
355 2513 534 2560 dicitur
566 2529 675 2559 eum
705 2514 945 2570 gravitate
977 2514 1205 2570 copiaque
1237 2513 1428 2558 dicendi
1460 2516 1983 2572 plurimumwaluisse.
2021 2522 2123 2566 Hoc

87 2587 250 2628 autem
281 2598 376 2628 non
410 2592 595 2642 pugnat
627 2599 736 2629 cum
769 2584 917 2628 Exod.
952 2583 1039 2634 IV,
1074 2583 1143 2635 10,
1168 2583 1249 2628 ubi
1281 2584 1596 2641 impeditioris
1627 2592 1666 2632 et
1698 2589 1920 2635 tardioris
1951 2591 2121 2649 linquae

87 2651 239 2696 fuisse
260 2659 456 2697 notatur
479 2672 488 2697 :
514 2668 626 2697 nam
649 2654 776 2698 Deus
796 2657 896 2697 erat
918 2653 970 2696 iri
994 2666 1069 2696 ore
1094 2652 1204 2709 ejus,
1231 2652 1344 2698 ibid.
1371 2669 1415 2698 v.
1443 2656 1512 2698 12.
1539 2655 1698 2701 Etiam
1724 2658 1978 2715 Josephus,
2005 2662 2119 2705 Ant.

89 2719 130 2772 3,
157 2720 196 2772 1,
220 2721 264 2773 4,
285 2727 495 2766 testatur
526 2722 796 2767 facundiam
820 2722 1098 2778 popularem
1131 2721 1288 2779 Moysi
1319 2723 1481 2768 fuisse.
1508 2724 1577 2768 Er
1601 2739 1651 2769 IN
1674 2739 1896 2771 OPERIBUS
1919 2741 2032 2781 sms,
2058 2743 2121 2774 sc.

86 2791 385 2844 muneribus,
427 2798 538 2850 quae
577 2793 718 2849 jussu
759 2793 887 2848 regis
929 2791 1142 2836 exercuit
1174 2810 1183 2836 ε
1217 2792 1314 2836 noli
1351 2792 1400 2836 id
1438 2794 1616 2837 referre
1654 2795 1714 2839 ad
1751 2796 1978 2840 miracula
2013 2811 2119 2853 quae

89 2865 254 2916 postea
277 2860 407 2906 fecit.

146 2929 219 2973 23.
252 2929 326 2974 Ex
345 2930 606 2974 traditione
632 2929 802 2976 didicit
826 2930 1028 2987 Moysen
1054 2945 1139 2987 per
1165 2930 1221 2974 40
1246 2944 1394 2974 annos
1422 2931 1470 2974 in
1494 2932 1602 2975 aula
1626 2932 1904 2985 Pharaonis,
1928 2932 2119 2978 deinde-

86 3013 180 3056 que
212 3014 297 3057 per
327 3000 528 3045 totidem
562 3014 712 3045 annos
744 3000 796 3043 in
826 3005 957 3044 terra
988 2999 1179 3043 Madian
1215 3000 1278 3053 (v.
1309 3001 1381 3054 30)
1411 3002 1660 3044 mansisse.
1687 3001 1838 3045 Addit
1860 3016 1906 3046 v.
1931 3002 1985 3045 36
2012 3016 2119 3046 eum

86 3082 174 3124 per
204 3070 261 3114 40
293 3070 438 3114 etiam
467 3083 619 3114 annos
641 3069 692 3113 in
714 3069 904 3114 deserto
936 3082 1046 3112 eum
1074 3070 1248 3125 populo
1275 3069 1426 3114 Israel
1451 3070 1611 3122 fuisse,
1637 3071 1763 3128 quod
1788 3085 1842 3114 ex
1871 3071 1953 3114 Ex.
1979 3070 2119 3123 XVI,

89 3137 146 3196 35
167 3139 428 3196 colligitur.
451 3139 583 3197 Ergo
604 3140 701 3184 dux
722 3139 803 3183 ille
826 3138 948 3183 vixit
971 3138 1057 3183 120
1083 3139 1237 3190 annis,
1261 3144 1314 3183 ut
1346 3139 1553 3183 refertur
1575 3140 1624 3183 in
1650 3141 1790 3184 Deut.
1814 3140 2053 3193 XXXIV,
2080 3141 2118 3186 7.

146 3208 390 3254 Ascnnm'r
411 3223 463 3254 IN
488 3223 575 3254 con
595 3223 703 3255 mus
728 3209 1085 3265 (hebraismus),
1110 3209 1233 3253 venit
1257 3209 1299 3253 ei
1323 3210 1374 3253 in
1401 3213 1606 3261 mentem,
1638 3209 1728 3254 sibi
1753 3209 2011 3267 proposuit.
2049 3209 2118 3254 Of.

82 3290 252 3334 ponere
284 3278 469 3337 aliquid
498 3279 552 3324 in
583 3294 657 3324 eor
687 3293 839 3332 suum,
870 3293 971 3336 cap.
1004 3279 1064 3324 V.
1099 3279 1140 3321 4.
1174 3278 1262 3331 ΠΤ,
1296 3279 1461 3323 relicta
1492 3280 1614 3330 aula,
1646 3292 1883 3324 VISITARET
1915 3293 2118 3325 FRATRES

85 3346 196 3392 'suos
217 3365 226 3392 ι
252 3355 562 3405 επισκεψασθαι,
585 3349 874 3411 prospiceret,
900 3363 1025 3406 opem
1038 3349 1185 3406 ferret
1207 3347 1278 3403 (cf.
1309 3348 1421 3392 Luc.
1446 3348 1487 3400 Ι,
1513 3350 1566 3394 78
1605 3348 1824 3395 Visitavit
1854 3364 1937 3394 rios
1969 3351 2120 3395 oriens

87 3430 140 3461 em
171 3416 285 3472 alto)
317 3420 630 3476 popularibus
670 3419 787 3471 suis,
823 3419 1074 3463 Israelitis.
1112 3418 1235 3463 Suos
1271 3423 1434 3462 autem
1474 3419 1643 3471 adivit,
1676 3434 1771 3464 non
1803 3435 1889 3477 per
1922 3421 2118 3465 modum

82 3485 389 3540 visitationis,
421 3501 475 3532 eo
505 3489 705 3534 consilio
735 3494 792 3534 ut
824 3488 884 3533 ad
915 3489 1110 3533 domum
1146 3487 1405 3532 Pharaonis
1438 3487 1611 3532 deinde
1634 3489 1834 3544 rediret;
1862 3491 2036 3534 etenim
2060 3503 2113 3532 ex

76 3554 238 3615 {Hebr-
253 3557 344 3610 XI,
361 3557 507 3602 24-26
531 3558 691 3615 colligi
711 3573 853 3616 posse
873 3558 1066 3603 videtur
1087 3558 1249 3613 ipsum
1273 3557 1432 3602 aulam
1456 3558 1710 3616 reliquisse
1732 3560 1782 3603 in
1806 3564 2111 3615 perpetuum.

35 3623 101 3691 fg}
146 3625 216 3671 24.
251 3626 527 3684 Stephanus
562 3629 700 3685 ponit
738 3636 984 3689 tamquam
1020 3634 1206 3674 certum
1238 3641 1338 3671 rem
1378 3635 1622 3674 narratam
1663 3622 1964 3673 auditoribus
2011 3627 2110 3670 suis
