2430 4030
249 301 314 353 82
725 314 888 351 Aorus
927 314 1324 362 ArosroLORUM,
1369 299 1469 362 IV,
1515 299 1683 363 32-V‚
1731 302 1813 352 11.

245 465 471 502 manens
499 451 603 502 tibi
633 451 908 515 manebat,
933 457 989 503 et
1019 451 1411 505 venumdatum
1440 453 1498 504 in
1530 458 1624 504 tua
1652 458 1770 504 erat
1798 451 2098 522 potestate?
2120 451 2296 517 Quare

242 534 480 604 posuisti
507 534 559 584 in
590 534 753 586 corde
783 540 875 586 tuo
904 534 1043 586 hanc
1071 535 1223 586 rem?
1255 534 1383 587 Non
1431 553 1489 587 es
1535 535 1799 587 mentitus
1839 534 2169 597 hominibuS,
2200 533 2298 585 sed

145 659 148 663 ›
194 633 219 673 5
246 619 378 671 Deo,
403 622 435 659 ²¹<
468 617 711 668 Audiens
739 623 922 668 autem
956 618 1199 669 Ananias
1230 618 1346 670 haec
1377 619 1544 672 verba
1572 619 1791 683 cecidit,
1822 623 1877 670 et
1905 618 2196 688 expiravit.
2227 616 2299 668 Et

193 719 220 759 6
242 703 418 754 factus
446 707 529 753 est
559 702 720 753 timor
749 719 979 769 magnus
1009 719 1172 770 super
1210 720 1419 767 omnes,
1453 702 1552 773 qui
1583 703 1895 756 audierunt.
1929 707 1961 744 ²¹<
1993 701 2298 770 Surgentes

193 800 219 845 7
243 791 423 837 autem
446 785 677 853 juvenes
705 791 1028 840 amoverunt
1057 802 1199 848 eum,
1222 790 1276 836 et
1312 784 1603 838 efferentes
1638 786 1993 855 sepelierunt.
2013 789 2046 827 *
2070 785 2299 836 Factum

243 874 328 921 est
354 875 536 928 autem
574 869 728 938 quasi
772 867 1025 919 horarum
1064 868 1228 919 trium
1269 869 1533 937 spatium,
1571 875 1626 921 et
1656 887 1795 921 uxor
1822 870 2016 938 ipsiuS,
2048 868 2300 920 nesciens

196 971 222 1010 8
245 953 391 1022 quod
418 953 623 1004 factum
650 953 845 1015 fuerat,
875 951 1143 1004 introivit.
1177 955 1209 992 ²¹<
1243 950 1397 1003 Dixit
1437 959 1623 1005 autem
1670 954 1720 1005 ei
1764 953 1960 1006 Petrus
1992 975 2002 1005 :
2037 953 2136 1004 Dic
2167 951 2300 1002 mihi

244 1037 456 1100 mulier,
498 1037 544 1087 si
585 1037 724 1088 tanti
766 1054 959 1104 agrum
1001 1034 1367 1087 vendidistis?
1416 1038 1488 1089 At
1532 1037 1624 1088 illa
1669 1038 1812 1090 dixit
1857 1059 1866 1090 :
1913 1037 2092 1089 Etiam
2136 1036 2298 1088 tanti.

195 1137 222 1178 9
246 1126 278 1163 ³¹<
327 1121 522 1172 Petrus
574 1126 755 1171 autem
799 1120 868 1171 ad
914 1137 1031 1170 eam
1080 1141 1088 1171 z
1136 1118 1279 1184 Quid
1333 1120 1520 1189 utique
1570 1122 1835 1174 convenit
1883 1121 2039 1172 vobis
2085 1125 2298 1171 tentare

248 1203 513 1273 Spiritum
546 1201 801 1254 Domini?
832 1201 974 1254 Ecce
1003 1203 1171 1271 pedes
1200 1221 1385 1254 eorum
1416 1204 1510 1272 qui
1539 1205 1885 1274 sepelierunt
1927 1204 2105 1256 virum
2143 1209 2296 1255 tuum

246 1443 364 1487 mihi
386 1443 608 1488 oblatam.
643 1467 690 1473 -
715 1443 888 1487 Ponere
915 1442 964 1485 in
988 1456 1076 1492 cor,
1102 1441 1403 1486 hebraismus
1432 1461 1440 1485 ε
1468 1442 1519 1486 in
1546 1442 1758 1486 animum
1796 1442 2046 1504 inducere„
2064 1441 2299 1486 decernere
2424 1484 2430 1505 Δ,

247 1514 429 1571 aliquid
450 1514 615 1557 facere.
643 1537 696 1543 —-
727 1512 973 1556 MENmUs
996 1525 1046 1555 Es
1074 1511 1174 1555 DEo
1197 1530 1205 1555 ε
1231 1526 1380 1569 quum
1406 1527 1448 1555 v.
1479 1512 1504 1554 3
1533 1512 1720 1557 dixerat
1748 1527 1856 1556 eum
1886 1512 2127 1556 mentitum
2147 1511 2300 1567 fuisse
2422 1521 2430 1553 3

248 1582 457 1641 Spiritui
488 1586 659 1633 sancto,
695 1597 758 1625 ss.
795 1582 961 1626 Patres
995 1596 1048 1624 ex
1085 1580 1420 1637 conjunctione
1455 1581 1715 1638 utriusque
1741 1582 1966 1626 versiculi
1994 1580 2299 1625 divinitatem

247 1660 296 1699 et
319 1653 711 1710 personalitatem
739 1651 954 1707 Spiritus
980 1650 1131 1694 sancti
1161 1655 1329 1693 contra
1353 1649 1725 1694 Macedonianos
1750 1651 1922 1695 merito
1943 1650 2298 1695 concluserunt.

307 1725 346 1767 5.
383 1723 581 1767 Oncmrr
606 1735 661 1765 ΕΤ
684 1733 956 1765 ΕΧΞΡΙΚΑΠΤ
980 1739 988 1764 :
1017 1734 1128 1764 cave
1152 1734 1210 1763 ne
1234 1719 1379 1771 dicas,
1405 1735 1515 1763 cum
1541 1721 1808 1772 nonnullis,
1835 1726 2037 1764 mortem
2073 1720 2302 1764 naturali-

248 1799 323 1839 ter
354 1793 535 1837 illatam
571 1806 654 1848 per
687 1791 1022 1835 vehementem
1059 1804 1317 1833 nervorum
1353 1791 1750 1842 commotionem,
1776 1806 1830 1834 ex
1857 1791 2018 1835 subito
2041 1795 2089 1834 et
2114 1789 2302 1846 ingenti

247 1868 433 1908 terrore
456 1868 627 1906 ortam.
652 1859 894 1905 Universa
920 1860 1047 1903 enim
1075 1859 1363 1903 narrationis
1391 1859 1542 1903 series
1568 1859 1682 1904 huic
1708 1865 1950 1917 repugnat
1977 1860 2205 1918 opinioni.
2232 1857 2302 1901 ΕΤ

247 1945 418 1977 rAcrus
443 1945 522 1975 EST
548 1942 694 1974 Timon
715 1941 904 1973 MAGNUS
929 1941 1077 1972 SUPER
1100 1941 1253 1972 OMNES
1279 1941 1362 1982 QUI
1387 1941 1660 1973 Aenianum
1690 1933 1870 1983 (textus
1898 1929 2140 1987 Receptus
2165 1927 2301 1972 addit

247 2022 376 2047 ταυτα
414 2001 517 2057 hoec,
560 2000 644 2044 sed
683 2000 924 2056 glossema
957 2006 1029 2043 est
1063 2013 1087 2042 e
1114 2013 1155 2042 v.
1192 2000 1283 2054 11).
1321 1999 1426 2043 Hoc
1460 2000 1509 2042 in
1541 2005 1846 2044 antecessum
1887 2005 2109 2044 notatum
2149 1998 2300 2042 fuisse

250 2076 390 2121 multi
426 2079 616 2131 putant,
655 2086 804 2129 quum
844 2086 919 2115 res
960 2070 1164 2114 necdum
1205 2071 1580 2126 percrebuisset3
1620 2071 1703 2115 sed
1742 2071 1888 2117 verba
1921 2089 1986 2114 επι
2019 2088 2173 2114 παντας
2212 2087 2300 2114 τους

249 2163 463 2191 ακουοντας
485 2144 544 2188 ad
568 2156 794 2200 personas
822 2140 885 2184 ibi
912 2146 1173 2197 praesentes
1202 2140 1369 2183 referri
1395 2147 1629 2197 possunt.
2423 2135 2430 2196 1]

309 2216 349 2258 6.
385 2214 610 2265 JUVENES,
643 2219 678 2256 οἱ
708 2230 901 2267 νεωτεροι,
929 2217 974 2254 et
1002 2225 1044 2254 V.
1074 2210 1127 2253 10
1154 2215 1189 2251 οἱ
1211 2228 1435 2264 νεανισκοι;
1467 2212 1705 2255 articulus
1742 2211 1821 2255 ille
1854 2212 2171 2264 demonstrat,
2204 2225 2301 2256 non
2419 2203 2430 2269 3

247 2285 446 2343 juvenes
481 2282 734 2342 quoslibet,
768 2288 852 2324 aut
886 2279 1003 2324 tales
1038 2278 1120 2336 qui
1145 2279 1355 2335 junioris
1389 2286 1551 2324 essent
1584 2282 1747 2325 aetatis
1783 2280 2047 2338 designari3
2074 2280 2299 2338 quemad·
2422 2271 2430 2293 ³

249 2355 446 2400 modum
478 2355 528 2398 in
562 2367 684 2397 novo
715 2351 1023 2396 Testamento
1055 2359 1288 2394 vocantur
1314 2367 1348 2392 οι
1371 2355 1651 2405 πρεσβυτεροι,
1682 2367 1776 2395 non
1807 2351 2026 2395 homines
2059 2356 2301 2407 provectae
2415 2346 2430 2394 ἰ’

249 2428 424 2480 aetatis,
447 2425 530 2470 sed
553 2425 645 2470 viri
670 2423 864 2481 quidam
891 2421 1145 2478 peculiaris
1170 2420 1427 2477 dignitatis
1452 2428 1500 2465 et
1524 2421 1677 2475 officii,
1707 2422 1789 2481 qui
1815 2422 1982 2466 ordine
2018 2420 2302 2466 sacerdotali

248 2503 386 2543 erant
419 2496 656 2553 insigniti.
691 2494 904 2539 Juvenes
936 2501 1113 2544 autem,
1146 2491 1203 2535 de
1236 2491 1412 2548 quibus
1451 2491 1605 2537 Lucas
1634 2494 1866 2551 loquitur,
1899 2493 2127 2538 videntur
2149 2492 2300 2535 fuisse

248 2571 297 2623 ii,
322 2570 477 2628 quiin
502 2568 705 2626 publicis
733 2567 957 2610 Ecclesiae
980 2564 1297 2610 conventibus
1325 2563 1423 2618 (ubi
1462 2572 1592 2609 certe
1627 2565 1801 2610 accidit
1841 2579 1915 2608 res
1949 2564 2162 2617 narrata)
2189 2561 2303 2607 defi-

249 2641 408 2685 nitum
440 2639 633 2697 aliquod
663 2638 871 2683 officium
905 2635 1201 2686 exercebant,
1235 2650 1278 2679 v.
1314 2648 1361 2689 g.
1395 2636 1622 2680 conclave
1668 2635 1918 2691 parabant,
1951 2634 2099 2678 libros
2137 2646 2298 2677 sacros

249 2709 525 2762 afferebant,
550 2709 688 2753 sedes
713 2719 999 2763 mensasque
1022 2705 1317 2749 collocabant
1343 2710 1456 2756 etc.;
1494 2705 1571 2749 vel
1605 2705 1748 2748 etiam
1783 2718 1982 2748 munera
2007 2717 2142 2747 sacra
2168 2717 2300 2758 pera·
2418 2699 2430 2751 j

249 2781 430 2840 gebant
461 2779 699 2825 inferioris
735 2779 932 2830 ordinis,
960 2792 1002 2822 v.
1030 2791 1100 2834 gr.
1129 2782 1380 2834 tamquam
1419 2775 1620 2821 Diaconi
1661 2776 1909 2830 (ministri,
1942 2773 2051 2819 vide
2084 2773 2208 2816 infra
2239 2771 2300 2816 ad
2331 2801 2334 2803 Δ
2418 2759 2430 2795 ⁴

250 2851 341 2905 VI,
367 2852 476 2907 1-6).
505 2851 608 2895 Hoc
630 2850 858 2900 admisso,
881 2847 1016 2892 facile
1039 2851 1200 2890 mente
1226 2846 1523 2901 concipimus
1557 2846 1818 2903 quomodo,
1845 2846 2036 2890 nemine
2060 2846 2301 2895 monente,
2364 2894 2377 2897 ἡ
2407 2882 2411 2884 ,

250 2923 563 2968 surrexerint.
607 2922 919 2972 Amovsssswr,
958 2923 1231 2963 συνεστειλαν.
1275 2916 1490 2960 Verbum
1525 2922 1737 2960 συστελλω
1772 2915 1966 2972 proprie
2000 2914 2123 2971 sign.
2157 2911 2300 2957 simul

250 2994 395 3046 mitto,
419 2993 562 3037 simul
581 3007 717 3050 pono,
740 3005 954 3048 compono
963 3008 979 3042 ;
1003 2989 1080 3033 hic
1099 2989 1301 3044 cadaver
1325 3000 1540 3043 compono
1566 3001 1649 3031 seu
1666 2999 1886 3043 praeparo
1909 2984 1970 3029 ad
1991 2985 2154 3036 funus,
2171 2981 2300 3040 quod
2410 3027 2418 3035 ,⁴

251 3065 395 3109 fiebat
419 3064 579 3108 fasciis
606 3063 864 3121 linteisque
887 3060 1007 3105 illud
1030 3057 1344 3105 involvendo.
2407 3061 2430 3087 ‘-

310 3136 351 3179 8.
385 3135 544 3179 ETIAM
565 3148 717 3179 TANTI.
747 3133 913 3178 Potius
944 3151 951 3177 :
975 3132 1041 3176 sic
1067 3132 1155 3174 est!
1181 3130 1302 3174 tanti
1325 3128 1659 3173 vendidimus.

311 3206 352 3249 9.
387 3205 514 3261 Qun)
553 3218 780 3249 convnnrr
819 3216 952 3248 voms
986 3215 1199 3247 TENTARE
1239 3200 1478 3245 SPIRITUM
1517 3195 1737 3242 DOMINI?
1770 3196 1800 3240 i.
1835 3211 1873 3240 e.
1909 3200 2098 3240 tentare
2137 3200 2303 3238 utrum

252 3276 472 3332 apostoli,
495 3275 544 3318 in
567 3275 742 3331 quibus
769 3278 844 3318 est
867 3273 1080 3330 Spiritus
1102 3276 1314 3321 sanctus,
1337 3268 1557 3313 fraudem
1584 3267 1888 3322 detegerent.
1928 3264 2121 3309 Tentare
2151 3264 2302 3309 Deum

254 3360 382 3402 saepe
404 3345 582 3390 dicitur
603 3347 653 3388 in
676 3345 738 3390 V.
764 3346 816 3388 Τ.
842 3345 900 3389 de
923 3359 979 3389 eo
1001 3343 1085 3401 qui
1113 3341 1197 3386 Dei
1219 3339 1506 3398 potentiam,
1532 3337 1609 3382 vel
1643 3335 2010 3393 benignitatem,
2045 3335 2119 3379 vel
2151 3333 2304 3378 omni-

255 3417 520 3469 scientiam‚
546 3416 685 3472 quasi
710 3416 956 3473 explorare
981 3415 1113 3466 velit,
1139 3414 1196 3459 de
1219 3428 1273 3458 ea
1298 3409 1446 3467 impie
1467 3408 1719 3453 dubitans.
1753 3406 1846 3450 Hic
1877 3406 1936 3450 de
1967 3403 2303 3449 omniscientia

254 3486 499 3544 explorata
522 3485 834 3541 intelligitur.
1295 3495 1297 3497 ·
2335 3526 2337 3529 ,
2366 3520 2414 3542 Η,

315 3556 446 3602 Eccn
467 3567 661 3600 mimis...
686 3568 747 3600 AD
768 3568 941 3600 os'rnm
959 3574 968 3600 ι
987 3569 1041 3601 eo
1063 3555 1169 3613 ipso
1190 3555 1435 3599 momento
1458 3548 1695 3606 strepitus
1716 3545 2048 3592 accedentium
2063 3542 2299 3600 juvenum
2346 3556 2350 3557 ⁷
2406 3544 2420 3555 “’

255 3625 544 3675 audiebatur
567 3631 679 3670 ante
703 3632 891 3682 portam
915 3625 1152 3670 conclavis
1173 3643 1183 3670 :
1210 3639 1286 3669 res
1312 3622 1451 3680 plane
1474 3618 1760 3666 dramatica!
2400 3619 2409 3627 “
